[
  {
    "ticker": "PETR4.SA",
    "quote": {
      "symbol": "PETR4.SA",
      "price": 29.84,
      "marketCap": 397766950912,
      "trailingPE": 5.1626296,
      "forwardPE": 3.7114427,
      "priceToBook": 5.257223,
      "dividendYield": 12.21,
      "bookValue": 5.676,
      "sharesOutstanding": 5446501379
    },
    "quoteSummary": {
      "summaryDetail": {
        "maxAge": 1,
        "priceHint": 2,
        "previousClose": 30.19,
        "open": 30.3,
        "dayLow": 29.81,
        "dayHigh": 30.45,
        "regularMarketPreviousClose": 30.19,
        "regularMarketOpen": 30.3,
        "regularMarketDayLow": 29.81,
        "regularMarketDayHigh": 30.45,
        "dividendRate": 3.69,
        "dividendYield": 0.1221,
        "exDividendDate": "2025-08-22T00:00:00.000Z",
        "payoutRatio": 0.65419996,
        "fiveYearAvgDividendYield": 20.85,
        "beta": 0.289,
        "trailingPE": 5.1626296,
        "forwardPE": 3.7114427,
        "volume": 24268800,
        "regularMarketVolume": 24268800,
        "averageVolume": 29997384,
        "averageVolume10days": 32150590,
        "averageDailyVolume10Day": 32150590,
        "bid": 29.83,
        "ask": 29.85,
        "bidSize": 0,
        "askSize": 0,
        "marketCap": 397766950912,
        "fiftyTwoWeekLow": 28.86,
        "fiftyTwoWeekHigh": 40.76,
        "allTimeHigh": 67.5,
        "allTimeLow": 4.12,
        "priceToSalesTrailing12Months": 4.6504297,
        "fiftyDayAverage": 30.83,
        "twoHundredDayAverage": 32.78645,
        "trailingAnnualDividendRate": 1.335,
        "trailingAnnualDividendYield": 0.04421994,
        "currency": "BRL",
        "fromCurrency": null,
        "toCurrency": null,
        "lastMarket": null,
        "coinMarketCapLink": null,
        "algorithm": null,
        "tradeable": false
      },
      "incomeStatementHistoryQuarterly": {
        "incomeStatementHistory": [
          {
            "maxAge": 1,
            "endDate": "2025-06-30T00:00:00.000Z",
            "totalRevenue": 115118671400,
            "costOfRevenue": 0,
            "grossProfit": 0,
            "researchDevelopment": null,
            "sellingGeneralAdministrative": null,
            "nonRecurring": null,
            "otherOperatingExpenses": null,
            "totalOperatingExpenses": 0,
            "operatingIncome": null,
            "totalOtherIncomeExpenseNet": null,
            "ebit": 0,
            "interestExpense": null,
            "incomeBeforeTax": null,
            "incomeTaxExpense": 0,
            "minorityInterest": null,
            "netIncomeFromContinuingOps": null,
            "discontinuedOperations": null,
            "extraordinaryItems": null,
            "effectOfAccountingCharges": null,
            "otherItems": null,
            "netIncome": 25905394800,
            "netIncomeApplicableToCommonShares": null
          },
          {
            "maxAge": 1,
            "endDate": "2025-03-31T00:00:00.000Z",
            "totalRevenue": 123144000000,
            "costOfRevenue": 0,
            "grossProfit": 0,
            "researchDevelopment": null,
            "sellingGeneralAdministrative": null,
            "nonRecurring": null,
            "otherOperatingExpenses": null,
            "totalOperatingExpenses": 0,
            "operatingIncome": null,
            "totalOtherIncomeExpenseNet": null,
            "ebit": 0,
            "interestExpense": null,
            "incomeBeforeTax": null,
            "incomeTaxExpense": 0,
            "minorityInterest": null,
            "netIncomeFromContinuingOps": null,
            "discontinuedOperations": null,
            "extraordinaryItems": null,
            "effectOfAccountingCharges": null,
            "otherItems": null,
            "netIncome": 35209000000,
            "netIncomeApplicableToCommonShares": null
          },
          {
            "maxAge": 1,
            "endDate": "2024-12-31T00:00:00.000Z",
            "totalRevenue": 120204543500,
            "costOfRevenue": 0,
            "grossProfit": 0,
            "researchDevelopment": null,
            "sellingGeneralAdministrative": null,
            "nonRecurring": null,
            "otherOperatingExpenses": null,
            "totalOperatingExpenses": 0,
            "operatingIncome": null,
            "totalOtherIncomeExpenseNet": null,
            "ebit": 0,
            "interestExpense": null,
            "incomeBeforeTax": null,
            "incomeTaxExpense": 0,
            "minorityInterest": null,
            "netIncomeFromContinuingOps": null,
            "discontinuedOperations": null,
            "extraordinaryItems": null,
            "effectOfAccountingCharges": null,
            "otherItems": null,
            "netIncome": -16054222000,
            "netIncomeApplicableToCommonShares": null
          },
          {
            "maxAge": 1,
            "endDate": "2024-09-30T00:00:00.000Z",
            "totalRevenue": 129582000000,
            "costOfRevenue": 0,
            "grossProfit": 0,
            "researchDevelopment": null,
            "sellingGeneralAdministrative": null,
            "nonRecurring": null,
            "otherOperatingExpenses": null,
            "totalOperatingExpenses": 0,
            "operatingIncome": null,
            "totalOtherIncomeExpenseNet": null,
            "ebit": 0,
            "interestExpense": null,
            "incomeBeforeTax": null,
            "incomeTaxExpense": 0,
            "minorityInterest": null,
            "netIncomeFromContinuingOps": null,
            "discontinuedOperations": null,
            "extraordinaryItems": null,
            "effectOfAccountingCharges": null,
            "otherItems": null,
            "netIncome": 32555000000,
            "netIncomeApplicableToCommonShares": null
          }
        ],
        "maxAge": 86400
      },
      "cashflowStatementHistory": {
        "cashflowStatements": [
          {
            "maxAge": 1,
            "endDate": "2024-12-31T00:00:00.000Z",
            "netIncome": 43473447200
          },
          {
            "maxAge": 1,
            "endDate": "2023-12-31T00:00:00.000Z",
            "netIncome": 123919831600
          },
          {
            "maxAge": 1,
            "endDate": "2022-12-31T00:00:00.000Z",
            "netIncome": 188328000000
          },
          {
            "maxAge": 1,
            "endDate": "2021-12-31T00:00:00.000Z",
            "netIncome": 106668000000
          }
        ],
        "maxAge": 86400
      },
      "cashflowStatementHistoryQuarterly": {
        "cashflowStatements": [
          {
            "maxAge": 1,
            "endDate": "2025-06-30T00:00:00.000Z",
            "netIncome": 25905394800
          },
          {
            "maxAge": 1,
            "endDate": "2025-03-31T00:00:00.000Z",
            "netIncome": 35209000000
          },
          {
            "maxAge": 1,
            "endDate": "2024-12-31T00:00:00.000Z",
            "netIncome": -16054222000
          },
          {
            "maxAge": 1,
            "endDate": "2024-09-30T00:00:00.000Z",
            "netIncome": 32555000000
          }
        ],
        "maxAge": 86400
      },
      "balanceSheetHistoryQuarterly": {
        "balanceSheetStatements": [
          {
            "maxAge": 1,
            "endDate": "2025-06-30T00:00:00.000Z"
          },
          {
            "maxAge": 1,
            "endDate": "2025-03-31T00:00:00.000Z"
          },
          {
            "maxAge": 1,
            "endDate": "2024-12-31T00:00:00.000Z"
          },
          {
            "maxAge": 1,
            "endDate": "2024-09-30T00:00:00.000Z"
          }
        ],
        "maxAge": 86400
      },
      "defaultKeyStatistics": {
        "maxAge": 1,
        "priceHint": 2,
        "enterpriseValue": 448143851520,
        "forwardPE": 3.806977,
        "profitMargins": 0.15185,
        "floatShares": 8112812836,
        "sharesOutstanding": 5446501379,
        "heldPercentInsiders": 0,
        "heldPercentInstitutions": 0.56891996,
        "beta": 0.289,
        "impliedSharesOutstanding": 13329991263,
        "category": null,
        "bookValue": 5.676,
        "priceToBook": 5.257223,
        "fundFamily": null,
        "legalType": null,
        "lastFiscalYearEnd": "2024-12-31T00:00:00.000Z",
        "nextFiscalYearEnd": "2025-12-31T00:00:00.000Z",
        "mostRecentQuarter": "2025-06-30T00:00:00.000Z",
        "netIncomeToCommon": 12988189696,
        "trailingEps": 5.78,
        "forwardEps": 8.04,
        "lastSplitFactor": "2:1",
        "lastSplitDate": 1209340800,
        "enterpriseToRevenue": 5.239,
        "enterpriseToEbitda": 13.502,
        "52WeekChange": -0.1648686,
        "SandP52WeekChange": 0.1601758,
        "lastDividendValue": 0.671924,
        "lastDividendDate": "2025-08-22T00:00:00.000Z",
        "latestShareClass": null,
        "leadInvestor": null
      },
      "balanceSheetHistory": {
        "balanceSheetStatements": [
          {
            "maxAge": 1,
            "endDate": "2024-12-31T00:00:00.000Z"
          },
          {
            "maxAge": 1,
            "endDate": "2023-12-31T00:00:00.000Z"
          },
          {
            "maxAge": 1,
            "endDate": "2022-12-31T00:00:00.000Z"
          },
          {
            "maxAge": 1,
            "endDate": "2021-12-31T00:00:00.000Z"
          }
        ],
        "maxAge": 86400
      },
      "incomeStatementHistory": {
        "incomeStatementHistory": [
          {
            "maxAge": 1,
            "endDate": "2024-12-31T00:00:00.000Z",
            "totalRevenue": 527918258400,
            "costOfRevenue": 0,
            "grossProfit": 0,
            "researchDevelopment": null,
            "sellingGeneralAdministrative": null,
            "nonRecurring": null,
            "otherOperatingExpenses": null,
            "totalOperatingExpenses": 0,
            "operatingIncome": null,
            "totalOtherIncomeExpenseNet": null,
            "ebit": 0,
            "interestExpense": null,
            "incomeBeforeTax": null,
            "incomeTaxExpense": 0,
            "minorityInterest": null,
            "netIncomeFromContinuingOps": null,
            "discontinuedOperations": null,
            "extraordinaryItems": null,
            "effectOfAccountingCharges": null,
            "otherItems": null,
            "netIncome": 43473447200,
            "netIncomeApplicableToCommonShares": null
          },
          {
            "maxAge": 1,
            "endDate": "2023-12-31T00:00:00.000Z",
            "totalRevenue": 509986579100,
            "costOfRevenue": 0,
            "grossProfit": 0,
            "researchDevelopment": null,
            "sellingGeneralAdministrative": null,
            "nonRecurring": null,
            "otherOperatingExpenses": null,
            "totalOperatingExpenses": 0,
            "operatingIncome": null,
            "totalOtherIncomeExpenseNet": null,
            "ebit": 0,
            "interestExpense": null,
            "incomeBeforeTax": null,
            "incomeTaxExpense": 0,
            "minorityInterest": null,
            "netIncomeFromContinuingOps": null,
            "discontinuedOperations": null,
            "extraordinaryItems": null,
            "effectOfAccountingCharges": null,
            "otherItems": null,
            "netIncome": 123919831600,
            "netIncomeApplicableToCommonShares": null
          },
          {
            "maxAge": 1,
            "endDate": "2022-12-31T00:00:00.000Z",
            "totalRevenue": 641256000000,
            "costOfRevenue": 0,
            "grossProfit": 0,
            "researchDevelopment": null,
            "sellingGeneralAdministrative": null,
            "nonRecurring": null,
            "otherOperatingExpenses": null,
            "totalOperatingExpenses": 0,
            "operatingIncome": null,
            "totalOtherIncomeExpenseNet": null,
            "ebit": 0,
            "interestExpense": null,
            "incomeBeforeTax": null,
            "incomeTaxExpense": 0,
            "minorityInterest": null,
            "netIncomeFromContinuingOps": null,
            "discontinuedOperations": null,
            "extraordinaryItems": null,
            "effectOfAccountingCharges": null,
            "otherItems": null,
            "netIncome": 188328000000,
            "netIncomeApplicableToCommonShares": null
          },
          {
            "maxAge": 1,
            "endDate": "2021-12-31T00:00:00.000Z",
            "totalRevenue": 452668000000,
            "costOfRevenue": 0,
            "grossProfit": 0,
            "researchDevelopment": null,
            "sellingGeneralAdministrative": null,
            "nonRecurring": null,
            "otherOperatingExpenses": null,
            "totalOperatingExpenses": 0,
            "operatingIncome": null,
            "totalOtherIncomeExpenseNet": null,
            "ebit": 0,
            "interestExpense": null,
            "incomeBeforeTax": null,
            "incomeTaxExpense": 0,
            "minorityInterest": null,
            "netIncomeFromContinuingOps": null,
            "discontinuedOperations": null,
            "extraordinaryItems": null,
            "effectOfAccountingCharges": null,
            "otherItems": null,
            "netIncome": 106668000000,
            "netIncomeApplicableToCommonShares": null
          }
        ],
        "maxAge": 86400
      },
      "financialData": {
        "maxAge": 86400,
        "currentPrice": 29.84,
        "targetHighPrice": 46,
        "targetLowPrice": 31,
        "targetMeanPrice": 40.64615,
        "targetMedianPrice": 42,
        "recommendationMean": 1.76923,
        "recommendationKey": "buy",
        "numberOfAnalystOpinions": 13,
        "totalCash": 9500999680,
        "totalCashPerShare": 0.737,
        "ebitda": 33190748160,
        "totalDebt": 68064002048,
        "quickRatio": 0.449,
        "currentRatio": 0.758,
        "totalRevenue": 85533376512,
        "debtToEquity": 92.443,
        "revenuePerShare": 6.636,
        "returnOnAssets": 0.07835,
        "returnOnEquity": 0.18483,
        "grossProfits": 41648431104,
        "freeCashflow": 15171332096,
        "operatingCashflow": 35002298368,
        "revenueGrowth": -0.101,
        "grossMargins": 0.48693,
        "ebitdaMargins": 0.38804,
        "operatingMargins": 0.31582,
        "profitMargins": 0.15185,
        "financialCurrency": "USD"
      }
    },
    "fundamentalsTimeSeries": {
      "config": {
        "type": "annual",
        "module": "all"
      },
      "data": [
        {
          "TYPE": "UNKNOWN",
          "date": 1609372800,
          "sellingAndMarketingExpense": 21643437000,
          "periodType": "12M",
          "restructuringAndMergernAcquisition": 1017000000,
          "gainOnSaleOfBusiness": -43000000,
          "otherGandA": 252000000,
          "changeInPrepaidAssets": -859000000,
          "saleOfInvestment": 66000000,
          "nonCurrentPensionAndOtherPostretirementBenefitPlans": 14667000000,
          "impairmentOfCapitalAssets": 7354000000,
          "interestIncomeNonOperating": 349000000,
          "interestIncome": 349000000,
          "availableForSaleSecurities": 44000000
        },
        {
          "TYPE": "ALL",
          "date": "2021-12-31T00:00:00.000Z",
          "operatingCashFlow": 37791000000,
          "periodType": "12M",
          "leases": 1753000000,
          "cashCashEquivalentsAndShortTermInvestments": 11117000000,
          "otherTaxes": -112000000,
          "minorityInterests": -111000000,
          "capitalLeaseObligations": 23043000000,
          "netPPE": 125330000000,
          "EBITDA": 44897000000,
          "changeInTaxPayable": 2835000000,
          "otherSpecialCharges": 204000000,
          "treasurySharesNumber": 295669,
          "issuanceOfDebt": 1885000000,
          "currentCapitalLeaseObligation": 5432000000,
          "goodwillAndOtherIntangibleAssets": 3025000000,
          "changeInInventory": -2334000000,
          "gainOnSaleOfSecurity": -6919000000,
          "sellingAndMarketingExpense": 4229000000,
          "purchaseOfPPE": -6325000000,
          "longTermProvisions": 17637000000,
          "investmentinFinancialAssets": 44000000,
          "purchaseOfBusiness": -24000000,
          "taxesRefundPaid": -2138000000,
          "pretaxIncome": 28225000000,
          "restructuringAndMergernAcquisition": -11000000,
          "longTermDebtIssuance": 1885000000,
          "receivables": 7714000000,
          "deferredIncomeTax": 7253000000,
          "accumulatedDepreciation": -91077000000,
          "rentExpenseSupplemental": 3798000000,
          "gainOnSaleOfBusiness": -41000000,
          "tangibleBookValue": 66382000000,
          "otherEquityAdjustments": -37694000000,
          "interestPaidCFF": -2229000000,
          "depreciationAmortizationDepletion": 11695000000,
          "netOtherFinancingCharges": -129000000,
          "commonStock": 107101000000,
          "otherCurrentLiabilities": 2742000000,
          "currentDebtAndCapitalLeaseObligation": 9073000000,
          "longTermDebtAndCapitalLeaseObligation": 49670000000,
          "depreciation": 11635000000,
          "interestExpense": 4977000000,
          "amortizationOfIntangibles": 60000000,
          "pensionAndEmployeeBenefitExpense": 2098000000,
          "shareIssued": 13044496930,
          "longTermCapitalLeaseObligation": 17611000000,
          "otherProperties": 111447000000,
          "interestExpenseNonOperating": 4977000000,
          "totalNonCurrentLiabilitiesNetMinorityInterest": 80360000000,
          "totalRevenue": 83966000000,
          "netInvestmentPurchaseAndSale": 4000000,
          "accountsPayable": 5483000000,
          "totalLiabilitiesNetMinorityInterest": 104536000000,
          "dilutedEPS": 1.52,
          "operatingIncome": 31001000000,
          "changesInCash": -843000000,
          "taxEffectOfUnusualItems": -581473445.527015,
          "longTermEquityInvestment": 1507000000,
          "otherGandA": 256000000,
          "totalUnusualItems": -1992000000,
          "investmentsAndAdvances": 1554000000,
          "freeCashFlow": 31466000000,
          "dividendsReceivedCFI": 781000000,
          "provisionForDoubtfulAccounts": -12000000,
          "basicAverageShares": 13044201261,
          "cashDividendsPaid": -13078000000,
          "operatingExpense": 9801000000,
          "gainsLossesNotAffectingRetainedEarnings": -37694000000,
          "costOfRevenue": 43164000000,
          "longTermDebtPayments": -27240000000,
          "depreciationAmortizationDepletionIncomeStatement": 696000000,
          "normalizedEBITDA": 46889000000,
          "rawMaterials": 804000000,
          "operatingGainsLosses": 9386000000,
          "generalAndAdministrativeExpense": 6782000000,
          "assetsHeldForSaleCurrent": 2490000000,
          "ordinarySharesNumber": 13044201261,
          "sellingGeneralAndAdministration": 6782000000,
          "otherOperatingExpenses": 522000000,
          "cashFinancial": 299000000,
          "stockholdersEquity": 69407000000,
          "longTermDebt": 32059000000,
          "otherNonCurrentAssets": 8525000000,
          "otherNonCashItems": 61000000,
          "currentAssets": 30149000000,
          "netNonOperatingInterestIncomeExpense": -4644000000,
          "constructionInProgress": 25954000000,
          "operatingRevenue": 83966000000,
          "currentLiabilities": 24176000000,
          "netIncomeCommonStockholders": 19875000000,
          "changeInOtherCurrentLiabilities": 376000000,
          "reconciledDepreciation": 11695000000,
          "investmentsinAssociatesatCost": 998000000,
          "saleOfInvestment": 4000000,
          "nonCurrentAccountsReceivable": 5161000000,
          "nonCurrentDeferredTaxesAssets": 604000000,
          "netIncomeFromContinuingOperationNetMinorityInterest": 19875000000,
          "totalCapitalization": 101466000000,
          "payables": 10217000000,
          "totalNonCurrentAssets": 144199000000,
          "grossProfit": 40802000000,
          "otherIntangibleAssets": 3003000000,
          "cashFlowFromContinuingFinancingActivities": -40791000000,
          "netIncomeIncludingNoncontrollingInterests": 19986000000,
          "inventory": 7255000000,
          "netBusinessPurchaseAndSale": -24000000,
          "employeeBenefits": 9374000000,
          "changeInPayable": 3908000000,
          "totalUnusualItemsExcludingGoodwill": -1992000000,
          "otherIncomeExpense": 1868000000,
          "nonCurrentPensionAndOtherPostretirementBenefitPlans": 9374000000,
          "changeInReceivables": -2075000000,
          "totalExpenses": 52965000000,
          "grossPPE": 216407000000,
          "provisionandWriteOffofAssets": -30000000,
          "EBIT": 33202000000,
          "tradeandOtherPayablesNonCurrent": 300000000,
          "amortizationCashFlow": 60000000,
          "normalizedIncome": 21285526554.472984,
          "incomeTaxPayable": 733000000,
          "earningsFromEquityInterest": 1607000000,
          "changeInOtherCurrentAssets": -289000000,
          "nonCurrentDeferredAssets": 604000000,
          "otherNonCurrentLiabilities": 2150000000,
          "beginningCashPosition": 11725000000,
          "netPPEPurchaseAndSale": -6325000000,
          "capitalExpenditure": -6325000000,
          "investingCashFlow": 2157000000,
          "netTangibleAssets": 66382000000,
          "assetImpairmentCharge": -2943000000,
          "dilutedNIAvailtoComStockholders": 19875000000,
          "nonCurrentDeferredTaxesLiabilities": 1229000000,
          "salariesAndWages": 2984000000,
          "impairmentOfCapitalAssets": -3190000000,
          "rentAndLandingFees": 3798000000,
          "netIncomeFromContinuingAndDiscontinuedOperation": 19875000000,
          "pensionandOtherPostRetirementBenefitPlansCurrent": 2144000000,
          "nonCurrentDeferredLiabilities": 1229000000,
          "machineryFurnitureEquipment": 11267000000,
          "netForeignCurrencyExchangeGainLoss": 10795000000,
          "totalDebt": 58743000000,
          "reconciledCostOfRevenue": 32165000000,
          "changeInOtherWorkingCapital": -5065000000,
          "basicEPS": 1.52,
          "investmentsinJointVenturesatCost": 509000000,
          "preferredSharesNumber": 5601969879,
          "operationAndMaintenance": 1362000000,
          "specialIncomeCharges": 4927000000,
          "minorityInterest": 405000000,
          "goodwill": 22000000,
          "netIssuancePaymentsOfDebt": -25355000000,
          "totalOtherFinanceCost": -333000000,
          "repaymentOfDebt": -27240000000,
          "cashFlowFromContinuingOperatingActivities": 37791000000,
          "otherCurrentBorrowings": 3641000000,
          "netIncomeFromContinuingOperations": 19986000000,
          "otherInvestments": 3000000,
          "capitalStock": 107101000000,
          "researchAndDevelopment": 563000000,
          "deferredTax": 7253000000,
          "changeInAccountPayable": 1073000000,
          "mineralProperties": 61906000000,
          "taxesReceivable": 1346000000,
          "otherShortTermInvestments": 650000000,
          "netLongTermDebtIssuance": -25355000000,
          "cashEquivalents": 10168000000,
          "taxProvision": 8239000000,
          "effectOfExchangeRateChanges": -402000000,
          "commonStockEquity": 69407000000,
          "endCashPosition": 10480000000,
          "netInterestIncome": -4644000000,
          "changeInWorkingCapital": -5479000000,
          "otherCurrentAssets": 1573000000,
          "changeInIncomeTaxPayable": 2835000000,
          "cashAndCashEquivalents": 10467000000,
          "netOtherInvestingChanges": 7721000000,
          "netIncomeContinuousOperations": 19986000000,
          "finishedGoods": 6451000000,
          "interestIncomeNonOperating": 2820039200,
          "netIncome": 19875000000,
          "currentDebt": 3641000000,
          "financingCashFlow": -40791000000,
          "totalTaxPayable": 4734000000,
          "investedCapital": 105107000000,
          "totalEquityGrossMinorityInterest": 69812000000,
          "netDebt": 25233000000,
          "interestIncome": 2820039200,
          "landAndImprovements": 4080000000,
          "totalAssets": 174348000000,
          "earningsLossesFromEquityInvestments": -1607000000,
          "otherNonOperatingIncomeExpenses": 2253000000,
          "writeOff": -3190000000,
          "gainOnSaleOfPPE": 1941000000,
          "dilutedAverageShares": 13044201261,
          "taxRateForCalcs": 0.291904,
          "cashFlowFromContinuingInvestingActivities": 2157000000,
          "availableForSaleSecurities": 44000000,
          "depreciationAndAmortization": 11695000000,
          "workingCapital": 5973000000,
          "changeInPayablesAndAccruedExpense": 3908000000,
          "payablesAndAccruedExpenses": 10217000000,
          "accountsReceivable": 6368000000
        },
        {
          "TYPE": "ALL",
          "date": "2022-12-31T00:00:00.000Z",
          "operatingCashFlow": 49717000000,
          "periodType": "12M",
          "leases": 2278000000,
          "cashCashEquivalentsAndShortTermInvestments": 10769000000,
          "otherTaxes": 353000000,
          "minorityInterests": -132000000,
          "capitalLeaseObligations": 23845000000,
          "netPPE": 130169000000,
          "EBITDA": 69933000000,
          "changeInTaxPayable": -2441000000,
          "otherSpecialCharges": 746000000,
          "treasurySharesNumber": 295669,
          "issuanceOfDebt": 2880000000,
          "currentCapitalLeaseObligation": 5557000000,
          "goodwillAndOtherIntangibleAssets": 2986000000,
          "changeInInventory": -1217000000,
          "gainOnSaleOfSecurity": -1355000000,
          "sellingAndMarketingExpense": 21082458600,
          "purchaseOfPPE": -9581000000,
          "longTermProvisions": 21610000000,
          "investmentinFinancialAssets": 1564000000,
          "purchaseOfBusiness": -27000000,
          "purchaseOfInvestment": -3328000000,
          "taxesRefundPaid": -11516000000,
          "pretaxIncome": 53525000000,
          "restructuringAndMergernAcquisition": -4286000000,
          "longTermDebtIssuance": 2880000000,
          "receivables": 6317000000,
          "deferredIncomeTax": 16769000000,
          "accumulatedDepreciation": -100792000000,
          "rentExpenseSupplemental": 4349000000,
          "tangibleBookValue": 66506000000,
          "otherEquityAdjustments": -37609000000,
          "interestPaidCFF": -1850000000,
          "depreciationAmortizationDepletion": 13218000000,
          "netOtherFinancingCharges": -18000000,
          "commonStock": 107101000000,
          "otherCurrentLiabilities": 4466000000,
          "currentDebtAndCapitalLeaseObligation": 9133000000,
          "longTermDebtAndCapitalLeaseObligation": 44666000000,
          "depreciation": 13141000000,
          "interestExpense": 3190000000,
          "amortizationOfIntangibles": 77000000,
          "pensionAndEmployeeBenefitExpense": 1228000000,
          "shareIssued": 13044496930,
          "longTermCapitalLeaseObligation": 18288000000,
          "otherProperties": 118033000000,
          "interestExpenseNonOperating": 3190000000,
          "totalNonCurrentLiabilitiesNetMinorityInterest": 85975000000,
          "totalRevenue": 124474000000,
          "netInvestmentPurchaseAndSale": -3328000000,
          "accountsPayable": 5464000000,
          "totalLiabilitiesNetMinorityInterest": 117355000000,
          "dividendsPayable": 4171000000,
          "dilutedEPS": 2.807608,
          "operatingIncome": 53265000000,
          "changesInCash": -2168000000,
          "taxEffectOfUnusualItems": -711136000,
          "longTermEquityInvestment": 1562000000,
          "otherGandA": 362000000,
          "totalUnusualItems": -2272000000,
          "investmentsAndAdvances": 3130000000,
          "freeCashFlow": 40136000000,
          "dividendsReceivedCFI": 374000000,
          "provisionForDoubtfulAccounts": 55000000,
          "basicAverageShares": 13044201261,
          "cashDividendsPaid": -37701000000,
          "operatingExpense": 11723000000,
          "gainsLossesNotAffectingRetainedEarnings": -37609000000,
          "costOfRevenue": 59486000000,
          "longTermDebtPayments": -14764000000,
          "depreciationAmortizationDepletionIncomeStatement": 894000000,
          "normalizedEBITDA": 72205000000,
          "rawMaterials": 1023000000,
          "operatingGainsLosses": 4390000000,
          "generalAndAdministrativeExpense": 7004000000,
          "assetsHeldForSaleCurrent": 3608000000,
          "ordinarySharesNumber": 13044201261,
          "sellingGeneralAndAdministration": 7004000000,
          "otherOperatingExpenses": 791000000,
          "cashFinancial": 216000000,
          "stockholdersEquity": 69492000000,
          "longTermDebt": 26378000000,
          "otherNonCurrentAssets": 12606000000,
          "otherNonCashItems": -2808000000,
          "currentAssets": 31250000000,
          "netNonOperatingInterestIncomeExpense": -2827000000,
          "constructionInProgress": 23938000000,
          "operatingRevenue": 124474000000,
          "currentLiabilities": 31380000000,
          "netIncomeCommonStockholders": 36623000000,
          "changeInOtherCurrentLiabilities": -95000000,
          "reconciledDepreciation": 13218000000,
          "investmentsinAssociatesatCost": 1016000000,
          "nonCurrentAccountsReceivable": 6218000000,
          "nonCurrentDeferredTaxesAssets": 832000000,
          "netIncomeFromContinuingOperationNetMinorityInterest": 36623000000,
          "totalCapitalization": 95870000000,
          "payables": 15566000000,
          "totalNonCurrentAssets": 155941000000,
          "grossProfit": 64988000000,
          "otherIntangibleAssets": 2962000000,
          "cashFlowFromContinuingFinancingActivities": -51453000000,
          "netIncomeIncludingNoncontrollingInterests": 36755000000,
          "inventory": 8779000000,
          "netBusinessPurchaseAndSale": -27000000,
          "employeeBenefits": 10675000000,
          "changeInPayable": -2800000000,
          "totalUnusualItemsExcludingGoodwill": -2272000000,
          "otherIncomeExpense": 3087000000,
          "changeInReceivables": 355000000,
          "totalExpenses": 71209000000,
          "grossPPE": 230961000000,
          "provisionandWriteOffofAssets": 65000000,
          "EBIT": 56715000000,
          "tradeandOtherPayablesNonCurrent": 302000000,
          "amortizationCashFlow": 77000000,
          "normalizedIncome": 38183864000,
          "incomeTaxPayable": 2883000000,
          "earningsFromEquityInterest": 251000000,
          "changeInOtherCurrentAssets": -413000000,
          "nonCurrentDeferredAssets": 832000000,
          "otherNonCurrentLiabilities": 1972000000,
          "beginningCashPosition": 10480000000,
          "netPPEPurchaseAndSale": -9581000000,
          "capitalExpenditure": -9581000000,
          "investingCashFlow": -432000000,
          "netTangibleAssets": 66506000000,
          "assetImpairmentCharge": 2017000000,
          "dilutedNIAvailtoComStockholders": 36623000000,
          "nonCurrentDeferredTaxesLiabilities": 6750000000,
          "salariesAndWages": 2655000000,
          "impairmentOfCapitalAssets": 1164000000,
          "rentAndLandingFees": 4349000000,
          "netIncomeFromContinuingAndDiscontinuedOperation": 36623000000,
          "pensionandOtherPostRetirementBenefitPlansCurrent": 2215000000,
          "nonCurrentDeferredLiabilities": 6750000000,
          "machineryFurnitureEquipment": 14788000000,
          "netForeignCurrencyExchangeGainLoss": 4557000000,
          "totalDebt": 53799000000,
          "reconciledCostOfRevenue": 47162000000,
          "changeInOtherWorkingCapital": -5003000000,
          "basicEPS": 2.807608,
          "investmentsinJointVenturesatCost": 546000000,
          "operationAndMaintenance": 1834000000,
          "specialIncomeCharges": -917000000,
          "minorityInterest": 344000000,
          "goodwill": 24000000,
          "netIssuancePaymentsOfDebt": -11884000000,
          "totalOtherFinanceCost": -363000000,
          "repaymentOfDebt": -14764000000,
          "cashFlowFromContinuingOperatingActivities": 49717000000,
          "otherCurrentBorrowings": 3576000000,
          "netIncomeFromContinuingOperations": 36755000000,
          "otherInvestments": 4000000,
          "capitalStock": 107101000000,
          "researchAndDevelopment": 792000000,
          "deferredTax": 16769000000,
          "changeInAccountPayable": -359000000,
          "mineralProperties": 67581000000,
          "taxesReceivable": 1307000000,
          "otherShortTermInvestments": 2773000000,
          "netLongTermDebtIssuance": -11884000000,
          "cashEquivalents": 7780000000,
          "taxProvision": 16770000000,
          "effectOfExchangeRateChanges": -316000000,
          "commonStockEquity": 69492000000,
          "endCashPosition": 7996000000,
          "netInterestIncome": -2827000000,
          "changeInWorkingCapital": -9173000000,
          "otherCurrentAssets": 1777000000,
          "changeInIncomeTaxPayable": -2441000000,
          "cashAndCashEquivalents": 7996000000,
          "netOtherInvestingChanges": 12130000000,
          "netIncomeContinuousOperations": 36755000000,
          "finishedGoods": 7756000000,
          "interestIncomeNonOperating": 673000000,
          "netIncome": 36623000000,
          "currentDebt": 3576000000,
          "financingCashFlow": -51453000000,
          "totalTaxPayable": 5931000000,
          "investedCapital": 99446000000,
          "totalEquityGrossMinorityInterest": 69836000000,
          "netDebt": 21958000000,
          "interestIncome": 673000000,
          "landAndImprovements": 4343000000,
          "totalAssets": 187191000000,
          "earningsLossesFromEquityInvestments": -251000000,
          "otherNonOperatingIncomeExpenses": 5108000000,
          "writeOff": 1315000000,
          "gainOnSaleOfPPE": 1144000000,
          "dilutedAverageShares": 13044201261,
          "taxRateForCalcs": 0.313,
          "cashFlowFromContinuingInvestingActivities": -432000000,
          "availableForSaleSecurities": 1564000000,
          "depreciationAndAmortization": 13218000000,
          "workingCapital": -130000000,
          "changeInPayablesAndAccruedExpense": -2800000000,
          "payablesAndAccruedExpenses": 15566000000,
          "accountsReceivable": 5010000000
        },
        {
          "TYPE": "ALL",
          "date": "2023-12-31T00:00:00.000Z",
          "operatingCashFlow": 43212000000,
          "periodType": "12M",
          "leases": 2970000000,
          "cashCashEquivalentsAndShortTermInvestments": 15546000000,
          "otherTaxes": 686000000,
          "netCommonStockIssuance": -735000000,
          "minorityInterests": -111000000,
          "capitalLeaseObligations": 33799000000,
          "netPPE": 153424000000,
          "EBITDA": 52292000000,
          "changeInTaxPayable": -431000000,
          "otherSpecialCharges": 477000000,
          "treasurySharesNumber": 104359669,
          "issuanceOfDebt": 2210000000,
          "currentCapitalLeaseObligation": 7200000000,
          "goodwillAndOtherIntangibleAssets": 3042000000,
          "changeInInventory": 1564000000,
          "gainOnSaleOfSecurity": 648000000,
          "sellingAndMarketingExpense": 20849347200,
          "purchaseOfPPE": -12114000000,
          "longTermProvisions": 24476000000,
          "investmentinFinancialAssets": 2409000000,
          "purchaseOfBusiness": -24000000,
          "taxesRefundPaid": -10032000000,
          "pretaxIncome": 35396000000,
          "restructuringAndMergernAcquisition": -284000000,
          "longTermDebtIssuance": 2210000000,
          "receivables": 7313000000,
          "deferredIncomeTax": 10401000000,
          "accumulatedDepreciation": -120488000000,
          "rentExpenseSupplemental": 4731000000,
          "tangibleBookValue": 75541000000,
          "otherEquityAdjustments": -28518000000,
          "interestPaidCFF": -1978000000,
          "depreciationAmortizationDepletion": 13280000000,
          "netOtherFinancingCharges": -48000000,
          "commonStock": 107101000000,
          "otherCurrentLiabilities": 3556000000,
          "currentDebtAndCapitalLeaseObligation": 11522000000,
          "longTermDebtAndCapitalLeaseObligation": 51078000000,
          "depreciation": 13176000000,
          "interestExpense": 3616000000,
          "amortizationOfIntangibles": 104000000,
          "pensionAndEmployeeBenefitExpense": 1542000000,
          "shareIssued": 13044496930,
          "longTermCapitalLeaseObligation": 26599000000,
          "otherProperties": 142032000000,
          "interestExpenseNonOperating": 3616000000,
          "totalNonCurrentLiabilitiesNetMinorityInterest": 104232000000,
          "totalRevenue": 102409000000,
          "netInvestmentPurchaseAndSale": 98000000,
          "accountsPayable": 4813000000,
          "totalLiabilitiesNetMinorityInterest": 138092000000,
          "dividendsPayable": 3539000000,
          "dilutedEPS": 1.971895,
          "operatingIncome": 39473000000,
          "changesInCash": 4557000000,
          "taxEffectOfUnusualItems": -356916000,
          "longTermEquityInvestment": 1354000000,
          "totalUnusualItems": -1214000000,
          "investmentsAndAdvances": 3767000000,
          "freeCashFlow": 31098000000,
          "dividendsReceivedCFI": 88000000,
          "provisionForDoubtfulAccounts": 40000000,
          "basicAverageShares": 13022289244,
          "cashDividendsPaid": -19670000000,
          "operatingExpense": 14501000000,
          "gainsLossesNotAffectingRetainedEarnings": -28518000000,
          "costOfRevenue": 48435000000,
          "longTermDebtPayments": -10479000000,
          "depreciationAmortizationDepletionIncomeStatement": 732000000,
          "normalizedEBITDA": 53506000000,
          "rawMaterials": 1383000000,
          "operatingGainsLosses": 3049000000,
          "generalAndAdministrativeExpense": 8061000000,
          "assetsHeldForSaleCurrent": 335000000,
          "ordinarySharesNumber": 12940137261,
          "sellingGeneralAndAdministration": 8061000000,
          "otherOperatingExpenses": 2051000000,
          "cashFinancial": 103000000,
          "stockholdersEquity": 78583000000,
          "longTermDebt": 24479000000,
          "otherNonCurrentAssets": 17061000000,
          "otherNonCashItems": 2150000000,
          "currentAssets": 32445000000,
          "currentProvisions": 2032000000,
          "netNonOperatingInterestIncomeExpense": -3410000000,
          "constructionInProgress": 31467000000,
          "operatingRevenue": 102409000000,
          "currentLiabilities": 33860000000,
          "netIncomeCommonStockholders": 24884000000,
          "changeInOtherCurrentLiabilities": -569000000,
          "reconciledDepreciation": 13280000000,
          "investmentsinAssociatesatCost": 873000000,
          "saleOfInvestment": 98000000,
          "nonCurrentAccountsReceivable": 6363000000,
          "nonCurrentDeferredTaxesAssets": 965000000,
          "netIncomeFromContinuingOperationNetMinorityInterest": 24884000000,
          "financialAssetsDesignatedasFairValueThroughProfitorLossTotal": 2409000000,
          "totalCapitalization": 103062000000,
          "payables": 13818000000,
          "totalNonCurrentAssets": 184622000000,
          "grossProfit": 53974000000,
          "otherIntangibleAssets": 3017000000,
          "cashFlowFromContinuingFinancingActivities": -30700000000,
          "netIncomeIncludingNoncontrollingInterests": 24995000000,
          "inventory": 7681000000,
          "netBusinessPurchaseAndSale": -24000000,
          "employeeBenefits": 15579000000,
          "changeInPayable": -1385000000,
          "totalUnusualItemsExcludingGoodwill": -1214000000,
          "otherIncomeExpense": -667000000,
          "changeInReceivables": 88000000,
          "totalExpenses": 62936000000,
          "grossPPE": 273912000000,
          "provisionandWriteOffofAssets": 40000000,
          "EBIT": 39012000000,
          "tradeandOtherPayablesNonCurrent": 299000000,
          "amortizationCashFlow": 104000000,
          "normalizedIncome": 25741084000,
          "incomeTaxPayable": 1300000000,
          "earningsFromEquityInterest": -304000000,
          "changeInOtherCurrentAssets": 324000000,
          "nonCurrentDeferredAssets": 965000000,
          "otherNonCurrentLiabilities": 1890000000,
          "beginningCashPosition": 7996000000,
          "netPPEPurchaseAndSale": -12114000000,
          "capitalExpenditure": -12114000000,
          "investingCashFlow": -7955000000,
          "netTangibleAssets": 75541000000,
          "assetImpairmentCharge": 3094000000,
          "dilutedNIAvailtoComStockholders": 24884000000,
          "nonCurrentDeferredTaxesLiabilities": 10910000000,
          "salariesAndWages": 3330000000,
          "rentAndLandingFees": 4731000000,
          "netIncomeFromContinuingAndDiscontinuedOperation": 24884000000,
          "pensionandOtherPostRetirementBenefitPlansCurrent": 2932000000,
          "nonCurrentDeferredLiabilities": 10910000000,
          "machineryFurnitureEquipment": 18000000000,
          "netForeignCurrencyExchangeGainLoss": 2498000000,
          "totalDebt": 62600000000,
          "reconciledCostOfRevenue": 35887000000,
          "changeInOtherWorkingCapital": -3787000000,
          "basicEPS": 1.971895,
          "investmentsinJointVenturesatCost": 481000000,
          "operationAndMaintenance": 2205000000,
          "specialIncomeCharges": -1862000000,
          "minorityInterest": 392000000,
          "goodwill": 25000000,
          "netIssuancePaymentsOfDebt": -8269000000,
          "totalOtherFinanceCost": -206000000,
          "repaymentOfDebt": -10479000000,
          "cashFlowFromContinuingOperatingActivities": 43212000000,
          "otherCurrentBorrowings": 4322000000,
          "netIncomeFromContinuingOperations": 24995000000,
          "otherInvestments": 4000000,
          "capitalStock": 107101000000,
          "researchAndDevelopment": 726000000,
          "deferredTax": 10401000000,
          "changeInAccountPayable": -954000000,
          "mineralProperties": 74809000000,
          "taxesReceivable": 1178000000,
          "otherShortTermInvestments": 2819000000,
          "netLongTermDebtIssuance": -8269000000,
          "cashEquivalents": 12624000000,
          "taxProvision": 10401000000,
          "effectOfExchangeRateChanges": 174000000,
          "commonStockEquity": 78583000000,
          "endCashPosition": 12727000000,
          "netInterestIncome": -3410000000,
          "changeInWorkingCapital": -3765000000,
          "otherCurrentAssets": 1570000000,
          "changeInIncomeTaxPayable": -431000000,
          "cashAndCashEquivalents": 12727000000,
          "netOtherInvestingChanges": 3997000000,
          "netIncomeContinuousOperations": 24995000000,
          "finishedGoods": 6298000000,
          "netIncome": 24884000000,
          "currentDebt": 4322000000,
          "financingCashFlow": -30700000000,
          "totalTaxPayable": 5466000000,
          "investedCapital": 107384000000,
          "totalEquityGrossMinorityInterest": 78975000000,
          "commonStockPayments": -735000000,
          "netDebt": 16074000000,
          "landAndImprovements": 4634000000,
          "totalAssets": 217067000000,
          "earningsLossesFromEquityInvestments": 304000000,
          "otherNonOperatingIncomeExpenses": 851000000,
          "writeOff": 2680000000,
          "repurchaseOfCapitalStock": -735000000,
          "gainOnSaleOfPPE": 1295000000,
          "dilutedAverageShares": 13022289244,
          "taxRateForCalcs": 0.294,
          "cashFlowFromContinuingInvestingActivities": -7955000000,
          "availableForSaleSecurities": 2409000000,
          "depreciationAndAmortization": 13280000000,
          "workingCapital": -1415000000,
          "changeInPayablesAndAccruedExpense": -1385000000,
          "payablesAndAccruedExpenses": 13818000000,
          "accountsReceivable": 6135000000
        },
        {
          "TYPE": "ALL",
          "date": "2024-12-31T00:00:00.000Z",
          "operatingCashFlow": 37984000000,
          "periodType": "12M",
          "leases": 2340000000,
          "cashCashEquivalentsAndShortTermInvestments": 7534000000,
          "otherTaxes": 3211000000,
          "netCommonStockIssuance": -380000000,
          "minorityInterests": -77000000,
          "capitalLeaseObligations": 37149000000,
          "netPPE": 136285000000,
          "EBITDA": 27462000000,
          "changeInTaxPayable": -2988000000,
          "otherSpecialCharges": 666000000,
          "treasurySharesNumber": 155764169,
          "issuanceOfDebt": 2129000000,
          "currentCapitalLeaseObligation": 8542000000,
          "goodwillAndOtherIntangibleAssets": 2255000000,
          "changeInInventory": -295000000,
          "gainOnSaleOfSecurity": -9380000000,
          "purchaseOfPPE": -14644000000,
          "longTermProvisions": 27340000000,
          "investmentinFinancialAssets": 582000000,
          "purchaseOfBusiness": -22000000,
          "purchaseOfInvestment": -109000000,
          "taxesRefundPaid": -6907000000,
          "pretaxIncome": 11142000000,
          "longTermDebtIssuance": 2129000000,
          "receivables": 5532000000,
          "deferredIncomeTax": 3537000000,
          "accumulatedDepreciation": -104617000000,
          "rentExpenseSupplemental": 4575000000,
          "tangibleBookValue": 56851000000,
          "otherEquityAdjustments": -47995000000,
          "interestPaidCFF": -1918000000,
          "depreciationAmortizationDepletion": 12479000000,
          "netOtherFinancingCharges": -161000000,
          "commonStock": 107101000000,
          "otherCurrentLiabilities": 2918000000,
          "currentDebtAndCapitalLeaseObligation": 11108000000,
          "longTermDebtAndCapitalLeaseObligation": 49203000000,
          "depreciation": 12345000000,
          "interestExpense": 3841000000,
          "amortizationOfIntangibles": 134000000,
          "pensionAndEmployeeBenefitExpense": 2934000000,
          "shareIssued": 13044496930,
          "longTermCapitalLeaseObligation": 28607000000,
          "otherProperties": 119447000000,
          "interestExpenseNonOperating": 3841000000,
          "totalNonCurrentLiabilitiesNetMinorityInterest": 90835000000,
          "totalRevenue": 91416000000,
          "netInvestmentPurchaseAndSale": -109000000,
          "accountsPayable": 6082000000,
          "totalLiabilitiesNetMinorityInterest": 122295000000,
          "dividendsPayable": 2657000000,
          "dilutedEPS": 0.584076,
          "operatingIncome": 25691000000,
          "changesInCash": -8473000000,
          "taxEffectOfUnusualItems": -3597633000,
          "longTermEquityInvestment": 656000000,
          "totalUnusualItems": -11349000000,
          "investmentsAndAdvances": 1241000000,
          "freeCashFlow": 23340000000,
          "dividendsReceivedCFI": 146000000,
          "provisionForDoubtfulAccounts": 258000000,
          "basicAverageShares": 12888732761,
          "cashDividendsPaid": -18327000000,
          "operatingExpense": 20281000000,
          "gainsLossesNotAffectingRetainedEarnings": -47995000000,
          "costOfRevenue": 45444000000,
          "longTermDebtPayments": -14431000000,
          "depreciationAmortizationDepletionIncomeStatement": 816000000,
          "normalizedEBITDA": 38811000000,
          "rawMaterials": 1356000000,
          "operatingGainsLosses": 18740000000,
          "generalAndAdministrativeExpense": 9033000000,
          "assetsHeldForSaleCurrent": 510000000,
          "ordinarySharesNumber": 12888732761,
          "sellingGeneralAndAdministration": 9033000000,
          "otherOperatingExpenses": 3557000000,
          "cashFinancial": 136000000,
          "stockholdersEquity": 59106000000,
          "longTermDebt": 20596000000,
          "otherNonCurrentAssets": 14249000000,
          "otherNonCashItems": 3972000000,
          "currentAssets": 21836000000,
          "currentProvisions": 1696000000,
          "netNonOperatingInterestIncomeExpense": -3725000000,
          "constructionInProgress": 30321000000,
          "operatingRevenue": 91416000000,
          "currentLiabilities": 31460000000,
          "netIncomeCommonStockholders": 7528000000,
          "changeInOtherCurrentLiabilities": -737000000,
          "reconciledDepreciation": 12479000000,
          "investmentsinAssociatesatCost": 175000000,
          "nonCurrentAccountsReceivable": 4857000000,
          "nonCurrentDeferredTaxesAssets": 922000000,
          "netIncomeFromContinuingOperationNetMinorityInterest": 7528000000,
          "financialAssetsDesignatedasFairValueThroughProfitorLossTotal": 582000000,
          "totalCapitalization": 79702000000,
          "payables": 13423000000,
          "totalNonCurrentAssets": 159809000000,
          "grossProfit": 45972000000,
          "otherIntangibleAssets": 2235000000,
          "cashFlowFromContinuingFinancingActivities": -33088000000,
          "netIncomeIncludingNoncontrollingInterests": 7605000000,
          "inventory": 6710000000,
          "netBusinessPurchaseAndSale": -22000000,
          "employeeBenefits": 10672000000,
          "changeInPayable": -2002000000,
          "totalUnusualItemsExcludingGoodwill": -11349000000,
          "otherIncomeExpense": -10824000000,
          "changeInReceivables": 1822000000,
          "totalExpenses": 65725000000,
          "grossPPE": 240902000000,
          "provisionandWriteOffofAssets": 260000000,
          "EBIT": 14983000000,
          "tradeandOtherPayablesNonCurrent": 530000000,
          "amortizationCashFlow": 134000000,
          "normalizedIncome": 15279367000,
          "incomeTaxPayable": 1400000000,
          "earningsFromEquityInterest": -627000000,
          "changeInOtherCurrentAssets": -165000000,
          "nonCurrentDeferredAssets": 922000000,
          "otherNonCurrentLiabilities": 1620000000,
          "beginningCashPosition": 12727000000,
          "netPPEPurchaseAndSale": -14644000000,
          "capitalExpenditure": -14644000000,
          "investingCashFlow": -13369000000,
          "netTangibleAssets": 56851000000,
          "assetImpairmentCharge": 1971000000,
          "dilutedNIAvailtoComStockholders": 7528000000,
          "nonCurrentDeferredTaxesLiabilities": 1470000000,
          "salariesAndWages": 4458000000,
          "rentAndLandingFees": 4575000000,
          "netIncomeFromContinuingAndDiscontinuedOperation": 7528000000,
          "pensionandOtherPostRetirementBenefitPlansCurrent": 2315000000,
          "nonCurrentDeferredLiabilities": 1470000000,
          "machineryFurnitureEquipment": 17542000000,
          "netForeignCurrencyExchangeGainLoss": 15407000000,
          "totalDebt": 60311000000,
          "reconciledCostOfRevenue": 33781000000,
          "changeInOtherWorkingCapital": -2296000000,
          "basicEPS": 0.584076,
          "investmentsinJointVenturesatCost": 481000000,
          "operationAndMaintenance": 2617000000,
          "specialIncomeCharges": -1969000000,
          "minorityInterest": 244000000,
          "goodwill": 20000000,
          "netIssuancePaymentsOfDebt": -12302000000,
          "totalOtherFinanceCost": -116000000,
          "repaymentOfDebt": -14431000000,
          "cashFlowFromContinuingOperatingActivities": 37984000000,
          "otherCurrentBorrowings": 2566000000,
          "netIncomeFromContinuingOperations": 7605000000,
          "otherInvestments": 3000000,
          "capitalStock": 107101000000,
          "researchAndDevelopment": 789000000,
          "deferredTax": 3537000000,
          "changeInAccountPayable": 986000000,
          "mineralProperties": 67357000000,
          "taxesReceivable": 1966000000,
          "otherShortTermInvestments": 4263000000,
          "netLongTermDebtIssuance": -12302000000,
          "cashEquivalents": 3135000000,
          "taxProvision": 3537000000,
          "effectOfExchangeRateChanges": -983000000,
          "commonStockEquity": 59106000000,
          "endCashPosition": 3271000000,
          "netInterestIncome": -3725000000,
          "changeInWorkingCapital": -3673000000,
          "otherCurrentAssets": 1550000000,
          "changeInIncomeTaxPayable": -2988000000,
          "cashAndCashEquivalents": 3271000000,
          "netOtherInvestingChanges": 1260000000,
          "netIncomeContinuousOperations": 7605000000,
          "finishedGoods": 5354000000,
          "netIncome": 7528000000,
          "currentDebt": 2566000000,
          "financingCashFlow": -33088000000,
          "totalTaxPayable": 4684000000,
          "investedCapital": 82268000000,
          "totalEquityGrossMinorityInterest": 59350000000,
          "commonStockPayments": -380000000,
          "netDebt": 19891000000,
          "landAndImprovements": 3895000000,
          "totalAssets": 181645000000,
          "earningsLossesFromEquityInvestments": 627000000,
          "otherNonOperatingIncomeExpenses": 1152000000,
          "writeOff": 1531000000,
          "repurchaseOfCapitalStock": -380000000,
          "gainOnSaleOfPPE": 228000000,
          "dilutedAverageShares": 12888732761,
          "taxRateForCalcs": 0.317,
          "cashFlowFromContinuingInvestingActivities": -13369000000,
          "depreciationAndAmortization": 12479000000,
          "workingCapital": -9624000000,
          "changeInPayablesAndAccruedExpense": -2002000000,
          "payablesAndAccruedExpenses": 13423000000,
          "accountsReceivable": 3566000000
        }
      ],
      "fromError": true
    },
    "timestamp": "2025-10-24T20:49:37.171Z"
  },
  {
    "ticker": "VALE3.SA",
    "quote": {
      "symbol": "VALE3.SA",
      "price": 61.73,
      "marketCap": 263511703552,
      "trailingPE": 9.367223,
      "forwardPE": 5.170017,
      "priceToBook": 1.2303675,
      "dividendYield": 10.77,
      "bookValue": 50.172,
      "sharesOutstanding": 4268778775
    },
    "quoteSummary": {
      "summaryDetail": {
        "maxAge": 1,
        "priceHint": 2,
        "previousClose": 61.76,
        "open": 61.99,
        "dayLow": 61.33,
        "dayHigh": 62.13,
        "regularMarketPreviousClose": 61.76,
        "regularMarketOpen": 61.99,
        "regularMarketDayLow": 61.33,
        "regularMarketDayHigh": 62.13,
        "dividendRate": 6.65,
        "dividendYield": 0.107700005,
        "exDividendDate": "2025-08-13T00:00:00.000Z",
        "payoutRatio": 0.6795,
        "fiveYearAvgDividendYield": 9.72,
        "beta": 1.022,
        "trailingPE": 9.367223,
        "forwardPE": 5.170017,
        "volume": 11119000,
        "regularMarketVolume": 11119000,
        "averageVolume": 19327033,
        "averageVolume10days": 21709840,
        "averageDailyVolume10Day": 21709840,
        "bid": 61.73,
        "ask": 61.74,
        "bidSize": 0,
        "askSize": 0,
        "marketCap": 263511703552,
        "fiftyTwoWeekLow": 48.77,
        "fiftyTwoWeekHigh": 63.99,
        "allTimeHigh": 120.45,
        "allTimeLow": 2.75,
        "priceToSalesTrailing12Months": 1.2572303,
        "fiftyDayAverage": 57.3784,
        "twoHundredDayAverage": 55.13165,
        "trailingAnnualDividendRate": 2.662,
        "trailingAnnualDividendYield": 0.04310233,
        "currency": "BRL",
        "fromCurrency": null,
        "toCurrency": null,
        "lastMarket": null,
        "coinMarketCapLink": null,
        "algorithm": null,
        "tradeable": false
      },
      "incomeStatementHistoryQuarterly": {
        "incomeStatementHistory": [
          {
            "maxAge": 1,
            "endDate": "2025-06-30T00:00:00.000Z",
            "totalRevenue": 8804000000,
            "costOfRevenue": 0,
            "grossProfit": 0,
            "researchDevelopment": null,
            "sellingGeneralAdministrative": null,
            "nonRecurring": null,
            "otherOperatingExpenses": null,
            "totalOperatingExpenses": 0,
            "operatingIncome": null,
            "totalOtherIncomeExpenseNet": null,
            "ebit": 0,
            "interestExpense": null,
            "incomeBeforeTax": null,
            "incomeTaxExpense": 0,
            "minorityInterest": null,
            "netIncomeFromContinuingOps": null,
            "discontinuedOperations": null,
            "extraordinaryItems": null,
            "effectOfAccountingCharges": null,
            "otherItems": null,
            "netIncome": 2117000000,
            "netIncomeApplicableToCommonShares": null
          },
          {
            "maxAge": 1,
            "endDate": "2025-03-31T00:00:00.000Z",
            "totalRevenue": 8119000000,
            "costOfRevenue": 0,
            "grossProfit": 0,
            "researchDevelopment": null,
            "sellingGeneralAdministrative": null,
            "nonRecurring": null,
            "otherOperatingExpenses": null,
            "totalOperatingExpenses": 0,
            "operatingIncome": null,
            "totalOtherIncomeExpenseNet": null,
            "ebit": 0,
            "interestExpense": null,
            "incomeBeforeTax": null,
            "incomeTaxExpense": 0,
            "minorityInterest": null,
            "netIncomeFromContinuingOps": null,
            "discontinuedOperations": null,
            "extraordinaryItems": null,
            "effectOfAccountingCharges": null,
            "otherItems": null,
            "netIncome": 1394000000,
            "netIncomeApplicableToCommonShares": null
          },
          {
            "maxAge": 1,
            "endDate": "2024-12-31T00:00:00.000Z",
            "totalRevenue": 10124000000,
            "costOfRevenue": 0,
            "grossProfit": 0,
            "researchDevelopment": null,
            "sellingGeneralAdministrative": null,
            "nonRecurring": null,
            "otherOperatingExpenses": null,
            "totalOperatingExpenses": 0,
            "operatingIncome": null,
            "totalOtherIncomeExpenseNet": null,
            "ebit": 0,
            "interestExpense": null,
            "incomeBeforeTax": null,
            "incomeTaxExpense": 0,
            "minorityInterest": null,
            "netIncomeFromContinuingOps": null,
            "discontinuedOperations": null,
            "extraordinaryItems": null,
            "effectOfAccountingCharges": null,
            "otherItems": null,
            "netIncome": -694000000,
            "netIncomeApplicableToCommonShares": null
          },
          {
            "maxAge": 1,
            "endDate": "2024-09-30T00:00:00.000Z",
            "totalRevenue": 9553000000,
            "costOfRevenue": 0,
            "grossProfit": 0,
            "researchDevelopment": null,
            "sellingGeneralAdministrative": null,
            "nonRecurring": null,
            "otherOperatingExpenses": null,
            "totalOperatingExpenses": 0,
            "operatingIncome": null,
            "totalOtherIncomeExpenseNet": null,
            "ebit": 0,
            "interestExpense": null,
            "incomeBeforeTax": null,
            "incomeTaxExpense": 0,
            "minorityInterest": null,
            "netIncomeFromContinuingOps": null,
            "discontinuedOperations": null,
            "extraordinaryItems": null,
            "effectOfAccountingCharges": null,
            "otherItems": null,
            "netIncome": 2412000000,
            "netIncomeApplicableToCommonShares": null
          }
        ],
        "maxAge": 86400
      },
      "cashflowStatementHistory": {
        "cashflowStatements": [
          {
            "maxAge": 1,
            "endDate": "2024-12-31T00:00:00.000Z",
            "netIncome": 6166000000
          },
          {
            "maxAge": 1,
            "endDate": "2023-12-31T00:00:00.000Z",
            "netIncome": 7983000000
          },
          {
            "maxAge": 1,
            "endDate": "2022-12-31T00:00:00.000Z",
            "netIncome": 18788000000
          },
          {
            "maxAge": 1,
            "endDate": "2021-12-31T00:00:00.000Z",
            "netIncome": 22445000000
          }
        ],
        "maxAge": 86400
      },
      "cashflowStatementHistoryQuarterly": {
        "cashflowStatements": [
          {
            "maxAge": 1,
            "endDate": "2025-06-30T00:00:00.000Z",
            "netIncome": 2117000000
          },
          {
            "maxAge": 1,
            "endDate": "2025-03-31T00:00:00.000Z",
            "netIncome": 1394000000
          },
          {
            "maxAge": 1,
            "endDate": "2024-12-31T00:00:00.000Z",
            "netIncome": -694000000
          },
          {
            "maxAge": 1,
            "endDate": "2024-09-30T00:00:00.000Z",
            "netIncome": 2412000000
          }
        ],
        "maxAge": 86400
      },
      "balanceSheetHistoryQuarterly": {
        "balanceSheetStatements": [
          {
            "maxAge": 1,
            "endDate": "2025-06-30T00:00:00.000Z"
          },
          {
            "maxAge": 1,
            "endDate": "2025-03-31T00:00:00.000Z"
          },
          {
            "maxAge": 1,
            "endDate": "2024-12-31T00:00:00.000Z"
          },
          {
            "maxAge": 1,
            "endDate": "2024-09-30T00:00:00.000Z"
          }
        ],
        "maxAge": 86400
      },
      "defaultKeyStatistics": {
        "maxAge": 1,
        "priceHint": 2,
        "enterpriseValue": 350119788544,
        "profitMargins": 0.13814001,
        "floatShares": 3965866233,
        "sharesOutstanding": 4268778775,
        "heldPercentInsiders": 0.06309,
        "heldPercentInstitutions": 0.40103,
        "beta": 1.022,
        "impliedSharesOutstanding": 4268778787,
        "category": null,
        "bookValue": 50.172,
        "priceToBook": 1.2303675,
        "fundFamily": null,
        "legalType": null,
        "lastFiscalYearEnd": "2024-12-31T00:00:00.000Z",
        "nextFiscalYearEnd": "2025-12-31T00:00:00.000Z",
        "mostRecentQuarter": "2025-06-30T00:00:00.000Z",
        "earningsQuarterlyGrowth": -0.172,
        "netIncomeToCommon": 28953999360,
        "trailingEps": 6.59,
        "forwardEps": 11.94,
        "lastSplitFactor": "2:1",
        "lastSplitDate": 1188777600,
        "enterpriseToRevenue": 1.67,
        "enterpriseToEbitda": 4.889,
        "52WeekChange": 0.00048601627,
        "SandP52WeekChange": 0.1601758,
        "lastDividendValue": 1.895387,
        "lastDividendDate": "2025-08-13T00:00:00.000Z",
        "latestShareClass": null,
        "leadInvestor": null
      },
      "balanceSheetHistory": {
        "balanceSheetStatements": [
          {
            "maxAge": 1,
            "endDate": "2024-12-31T00:00:00.000Z"
          },
          {
            "maxAge": 1,
            "endDate": "2023-12-31T00:00:00.000Z"
          },
          {
            "maxAge": 1,
            "endDate": "2022-12-31T00:00:00.000Z"
          },
          {
            "maxAge": 1,
            "endDate": "2021-12-31T00:00:00.000Z"
          }
        ],
        "maxAge": 86400
      },
      "incomeStatementHistory": {
        "incomeStatementHistory": [
          {
            "maxAge": 1,
            "endDate": "2024-12-31T00:00:00.000Z",
            "totalRevenue": 38056000000,
            "costOfRevenue": 0,
            "grossProfit": 0,
            "researchDevelopment": null,
            "sellingGeneralAdministrative": null,
            "nonRecurring": null,
            "otherOperatingExpenses": null,
            "totalOperatingExpenses": 0,
            "operatingIncome": null,
            "totalOtherIncomeExpenseNet": null,
            "ebit": 0,
            "interestExpense": null,
            "incomeBeforeTax": null,
            "incomeTaxExpense": 0,
            "minorityInterest": null,
            "netIncomeFromContinuingOps": null,
            "discontinuedOperations": null,
            "extraordinaryItems": null,
            "effectOfAccountingCharges": null,
            "otherItems": null,
            "netIncome": 6166000000,
            "netIncomeApplicableToCommonShares": null
          },
          {
            "maxAge": 1,
            "endDate": "2023-12-31T00:00:00.000Z",
            "totalRevenue": 41784000000,
            "costOfRevenue": 0,
            "grossProfit": 0,
            "researchDevelopment": null,
            "sellingGeneralAdministrative": null,
            "nonRecurring": null,
            "otherOperatingExpenses": null,
            "totalOperatingExpenses": 0,
            "operatingIncome": null,
            "totalOtherIncomeExpenseNet": null,
            "ebit": 0,
            "interestExpense": null,
            "incomeBeforeTax": null,
            "incomeTaxExpense": 0,
            "minorityInterest": null,
            "netIncomeFromContinuingOps": null,
            "discontinuedOperations": null,
            "extraordinaryItems": null,
            "effectOfAccountingCharges": null,
            "otherItems": null,
            "netIncome": 7983000000,
            "netIncomeApplicableToCommonShares": null
          },
          {
            "maxAge": 1,
            "endDate": "2022-12-31T00:00:00.000Z",
            "totalRevenue": 43839000000,
            "costOfRevenue": 0,
            "grossProfit": 0,
            "researchDevelopment": null,
            "sellingGeneralAdministrative": null,
            "nonRecurring": null,
            "otherOperatingExpenses": null,
            "totalOperatingExpenses": 0,
            "operatingIncome": null,
            "totalOtherIncomeExpenseNet": null,
            "ebit": 0,
            "interestExpense": null,
            "incomeBeforeTax": null,
            "incomeTaxExpense": 0,
            "minorityInterest": null,
            "netIncomeFromContinuingOps": null,
            "discontinuedOperations": null,
            "extraordinaryItems": null,
            "effectOfAccountingCharges": null,
            "otherItems": null,
            "netIncome": 18788000000,
            "netIncomeApplicableToCommonShares": null
          },
          {
            "maxAge": 1,
            "endDate": "2021-12-31T00:00:00.000Z",
            "totalRevenue": 54502000000,
            "costOfRevenue": 0,
            "grossProfit": 0,
            "researchDevelopment": null,
            "sellingGeneralAdministrative": null,
            "nonRecurring": null,
            "otherOperatingExpenses": null,
            "totalOperatingExpenses": 0,
            "operatingIncome": null,
            "totalOtherIncomeExpenseNet": null,
            "ebit": 0,
            "interestExpense": null,
            "incomeBeforeTax": null,
            "incomeTaxExpense": 0,
            "minorityInterest": null,
            "netIncomeFromContinuingOps": null,
            "discontinuedOperations": null,
            "extraordinaryItems": null,
            "effectOfAccountingCharges": null,
            "otherItems": null,
            "netIncome": 22445000000,
            "netIncomeApplicableToCommonShares": null
          }
        ],
        "maxAge": 86400
      },
      "financialData": {
        "maxAge": 86400,
        "currentPrice": 61.73,
        "targetHighPrice": 88.91278,
        "targetLowPrice": 62.166744,
        "targetMeanPrice": 70.893524,
        "targetMedianPrice": 68.591934,
        "recommendationMean": 2.08333,
        "recommendationKey": "buy",
        "numberOfAnalystOpinions": 12,
        "totalCash": 31086999552,
        "totalCashPerShare": 7.282,
        "ebitda": 71611998208,
        "totalDebt": 110776999936,
        "quickRatio": 0.647,
        "currentRatio": 1.215,
        "totalRevenue": 209597005824,
        "debtToEquity": 50.133,
        "revenuePerShare": 49.078,
        "returnOnAssets": 0.07119,
        "returnOnEquity": 0.12837,
        "grossProfits": 71775002624,
        "freeCashflow": -2812499968,
        "operatingCashflow": 46543998976,
        "earningsGrowth": -0.17,
        "revenueGrowth": -0.037,
        "grossMargins": 0.34244,
        "ebitdaMargins": 0.34167,
        "operatingMargins": 0.25099,
        "profitMargins": 0.13814001,
        "financialCurrency": "BRL"
      }
    },
    "fundamentalsTimeSeries": {
      "config": {
        "type": "annual",
        "module": "all"
      },
      "data": [
        {
          "TYPE": "UNKNOWN",
          "date": 1609372800,
          "buildingsAndImprovements": 15135000000,
          "periodType": "12M",
          "saleOfBusiness": 407000000,
          "saleOfInvestment": 630000000,
          "changeInAccruedExpense": 222000000,
          "commonStockDividendPaid": -3350000000,
          "otherNonOperatingIncomeExpenses": -115000000,
          "gainOnSaleOfPPE": -19000000,
          "loansReceivable": 195000000,
          "nonCurrentNoteReceivables": 923000000,
          "netOtherFinancingCharges": 157000000,
          "purchaseOfInvestment": -194000000
        },
        {
          "TYPE": "ALL",
          "date": "2021-12-31T00:00:00.000Z",
          "netInvestmentPurchaseAndSale": 582000000,
          "periodType": "12M",
          "gainsLossesNotAffectingRetainedEarnings": -21563000000,
          "mineralProperties": 17036000000,
          "operatingIncome": 31490000000,
          "interestPaidCFO": -1111000000,
          "researchAndDevelopment": 549000000,
          "changeInAccountPayable": 251000000,
          "totalNonCurrentLiabilitiesNetMinorityInterest": 38938000000,
          "netInterestIncome": -1542000000,
          "duetoRelatedPartiesCurrent": 1785000000,
          "otherCurrentAssets": 215000000,
          "commonStockEquity": 34472000000,
          "hedgingAssetsCurrent": 111000000,
          "changesInCash": -1215000000,
          "netOtherInvestingChanges": -129000000,
          "totalUnusualItems": 864000000,
          "currentDeferredRevenue": 1676000000,
          "pretaxIncome": 29541000000,
          "otherGandA": 195000000,
          "saleOfBusiness": 1259000000,
          "interestIncomeNonOperating": 111000000,
          "costOfRevenue": 21729000000,
          "financingCashFlow": -20284000000,
          "freeCashFlow": 20646000000,
          "dividendsReceivedCFI": 190000000,
          "investedCapital": 50071000000,
          "cashDividendsPaid": -13483000000,
          "depreciationAmortizationDepletionIncomeStatement": 42000000,
          "otherNonCurrentAssets": 1987000000,
          "capitalExpenditureReported": -5033000000,
          "foreignCurrencyTranslationAdjustments": -36444000000,
          "sellingGeneralAndAdministration": 439000000,
          "assetsHeldForSaleCurrent": 976000000,
          "gainLossOnInvestmentSecurities": -203000000,
          "currentAssets": 22360000000,
          "generalAndAdministrativeExpense": 412000000,
          "operatingGainsLosses": 936000000,
          "totalAssets": 89442000000,
          "earningsLossesFromEquityInvestments": 1271000000,
          "ordinarySharesNumber": 4839616924,
          "stockholdersEquity": 34472000000,
          "netIncomeCommonStockholders": 22445000000,
          "otherSpecialCharges": 2718000000,
          "constructionInProgress": 7722000000,
          "nonCurrentDeferredTaxesAssets": 11441000000,
          "accountsReceivable": 3914000000,
          "reconciledDepreciation": 3034000000,
          "saleOfInvestment": 582000000,
          "changeInAccruedExpense": 27000000,
          "nonCurrentAccountsReceivable": 935000000,
          "otherIncomeExpense": -407000000,
          "cashCashEquivalentsAndShortTermInvestments": 11905000000,
          "inventoriesAdjustmentsAllowances": -95000000,
          "changeInReceivables": 1029000000,
          "EBITDA": 34128000000,
          "gainOnSaleOfSecurity": 4661000000,
          "sellingAndMarketingExpense": 27000000,
          "netCommonStockIssuance": -5546000000,
          "capitalLeaseObligations": 1602000000,
          "grossAccountsReceivable": 3962000000,
          "dilutedEPS": 4.47,
          "impairmentOfCapitalAssets": 426000000,
          "tradeandOtherPayablesNonCurrent": 1964000000,
          "investmentinFinancialAssets": 6000000,
          "treasurySharesNumber": 292841474,
          "issuanceOfDebt": 930000000,
          "grossPPE": 73226000000,
          "nonCurrentDeferredAssets": 11441000000,
          "purchaseOfBusiness": -455000000,
          "cashFromDiscontinuedOperatingActivities": -316000000,
          "incomeTaxPayable": 324000000,
          "cashFromDiscontinuedInvestingActivities": -2469000000,
          "otherNonCurrentLiabilities": 4839000000,
          "assetImpairmentCharge": 426000000,
          "longTermDebtIssuance": 930000000,
          "investingCashFlow": -6610000000,
          "operatingExpense": 1931000000,
          "receivables": 4776000000,
          "duetoRelatedPartiesNonCurrent": 1327000000,
          "totalOtherFinanceCost": -11000000,
          "accumulatedDepreciation": -31295000000,
          "changesInAccountReceivables": 1029000000,
          "depreciationAndAmortizationInIncomeStatement": 42000000,
          "tangibleBookValue": 25461000000,
          "basicAverageShares": 5012424000,
          "netIncomeDiscontinuousOperations": -2376000000,
          "taxEffectOfUnusualItems": 137375444.297756,
          "salariesAndWages": 217000000,
          "totalOperatingIncomeAsReported": 27693000000,
          "nonCurrentDeferredRevenue": 1437000000,
          "otherCurrentLiabilities": 2891000000,
          "otherEquityAdjustments": 14881000000,
          "currentDebtAndCapitalLeaseObligation": 1204000000,
          "netIncomeIncludingNoncontrollingInterests": 22468000000,
          "depreciationAmortizationDepletion": 3034000000,
          "totalDebt": 17201000000,
          "otherCurrentBorrowings": 1019000000,
          "interestExpense": 1553000000,
          "cashFlowFromContinuingOperatingActivities": 25995000000,
          "machineryFurnitureEquipment": 15277000000,
          "specialIncomeCharges": -3797000000,
          "capitalStock": 61614000000,
          "goodwill": 3208000000,
          "netIncomeFromContinuingOperations": 29541000000,
          "shareIssued": 5132458398,
          "minorityInterest": 834000000,
          "netLongTermDebtIssuance": -1212000000,
          "otherShortTermInvestments": 184000000,
          "taxesReceivable": 862000000,
          "interestExpenseNonOperating": 1553000000,
          "accountsPayable": 3475000000,
          "changeInWorkingCapital": 335000000,
          "taxProvision": 4697000000,
          "totalLiabilitiesNetMinorityInterest": 54136000000,
          "endCashPosition": 11721000000,
          "effectOfExchangeRateChanges": -551000000,
          "reconciledCostOfRevenue": 18737000000,
          "longTermEquityInvestment": 1751000000,
          "cashAndCashEquivalents": 11721000000,
          "netIncomeContinuousOperations": 24844000000,
          "finishedGoods": 2795000000,
          "commonStockPayments": -5546000000,
          "netTangibleAssets": 25461000000,
          "totalEquityGrossMinorityInterest": 35306000000,
          "investmentsAndAdvances": 1757000000,
          "netIncome": 22445000000,
          "currentDebt": 1030000000,
          "basicEPS": 4.47,
          "interestIncome": 111000000,
          "rawMaterials": 857000000,
          "longTermDebtPayments": -2142000000,
          "netDebt": 3878000000,
          "normalizedEBITDA": 33264000000,
          "totalTaxPayable": 2501000000,
          "longTermDebt": 14569000000,
          "repurchaseOfCapitalStock": -5546000000,
          "otherNonCashItems": -4707000000,
          "operatingRevenue": 53891000000,
          "availableForSaleSecurities": 6000000,
          "workingCapital": 7162000000,
          "netNonOperatingInterestIncomeExpense": -1542000000,
          "currentProvisions": 1666000000,
          "cashFlowFromContinuingInvestingActivities": -4141000000,
          "otherOperatingExpenses": 901000000,
          "currentLiabilities": 15198000000,
          "payablesAndAccruedExpenses": 7761000000,
          "allowanceForDoubtfulAccountsReceivable": -48000000,
          "totalCapitalization": 49041000000,
          "changeInPayablesAndAccruedExpense": 251000000,
          "netIncomeFromContinuingOperationNetMinorityInterest": 24821000000,
          "taxRateForCalcs": 0.158999,
          "currentDeferredLiabilities": 1676000000,
          "gainOnSaleOfPPE": -5000000,
          "totalNonCurrentAssets": 67082000000,
          "otherIntangibleAssets": 5803000000,
          "netPPE": 41931000000,
          "payables": 7761000000,
          "normalizedIncome": 24094375444.297756,
          "dilutedAverageShares": 5012424000,
          "operatingCashFlow": 25679000000,
          "grossProfit": 32773000000,
          "changeInPayable": 251000000,
          "cashFlowFromContinuingFinancingActivities": -20271000000,
          "netBusinessPurchaseAndSale": 249000000,
          "minorityInterests": -23000000,
          "goodwillAndOtherIntangibleAssets": 9011000000,
          "cashFromDiscontinuedFinancingActivities": -13000000,
          "provisionandWriteOffofAssets": 1926000000,
          "financialAssets": 20000000,
          "totalUnusualItemsExcludingGoodwill": 864000000,
          "currentCapitalLeaseObligation": 174000000,
          "changeInInventory": -503000000,
          "totalExpenses": 23660000000,
          "earningsFromEquityInterest": -1271000000,
          "EBIT": 31094000000,
          "longTermProvisions": 10901000000,
          "beginningCashPosition": 13487000000,
          "netIncomeFromContinuingAndDiscontinuedOperation": 22445000000,
          "taxesRefundPaid": -4385000000,
          "capitalExpenditure": -5033000000,
          "nonCurrentDeferredLiabilities": 3318000000,
          "dilutedNIAvailtoComStockholders": 22445000000,
          "nonCurrentDeferredTaxesLiabilities": 1881000000,
          "workInProcess": 820000000,
          "netOtherFinancingCharges": -30000000,
          "inventory": 4377000000,
          "commonStock": 61614000000,
          "currentNotesPayable": 11000000,
          "netForeignCurrencyExchangeGainLoss": -132000000,
          "changeInOtherWorkingCapital": -442000000,
          "otherProperties": 33191000000,
          "repaymentOfDebt": -2142000000,
          "purchaseOfInvestment": -542000000,
          "totalRevenue": 54502000000,
          "derivativeProductLiabilities": 592000000,
          "longTermCapitalLeaseObligation": 1428000000,
          "longTermDebtAndCapitalLeaseObligation": 15997000000,
          "netIssuancePaymentsOfDebt": -1212000000,
          "treasuryStock": 5579000000
        },
        {
          "TYPE": "ALL",
          "date": "2022-12-31T00:00:00.000Z",
          "netInvestmentPurchaseAndSale": 260000000,
          "periodType": "12M",
          "gainsLossesNotAffectingRetainedEarnings": -20767000000,
          "mineralProperties": 16405000000,
          "operatingIncome": 18274000000,
          "interestPaidCFO": -1156000000,
          "researchAndDevelopment": 660000000,
          "changeInAccountPayable": 495000000,
          "totalNonCurrentLiabilitiesNetMinorityInterest": 35645000000,
          "netInterestIncome": 41000000,
          "duetoRelatedPartiesCurrent": 1911000000,
          "otherCurrentAssets": 314000000,
          "commonStockEquity": 35867000000,
          "hedgingAssetsCurrent": 342000000,
          "changesInCash": -7112000000,
          "netOtherInvestingChanges": 145000000,
          "totalUnusualItems": 1161000000,
          "currentDeferredRevenue": 416000000,
          "pretaxIncome": 19781000000,
          "otherGandA": 222000000,
          "saleOfBusiness": 586000000,
          "interestIncomeNonOperating": 739000000,
          "costOfRevenue": 24028000000,
          "financingCashFlow": -13911000000,
          "freeCashFlow": 6039000000,
          "dividendsReceivedCFI": 219000000,
          "investedCapital": 49773000000,
          "cashDividendsPaid": -6603000000,
          "depreciationAmortizationDepletionIncomeStatement": 41000000,
          "otherNonCurrentAssets": 2311000000,
          "capitalExpenditureReported": -5446000000,
          "foreignCurrencyTranslationAdjustments": -40975000000,
          "sellingGeneralAndAdministration": 474000000,
          "gainLossOnInvestmentSecurities": -1594000000,
          "currentAssets": 15526000000,
          "generalAndAdministrativeExpense": 452000000,
          "operatingGainsLosses": -924000000,
          "totalAssets": 86894000000,
          "earningsLossesFromEquityInvestments": -305000000,
          "ordinarySharesNumber": 4483078700,
          "stockholdersEquity": 35867000000,
          "netIncomeCommonStockholders": 18788000000,
          "otherSpecialCharges": 1839000000,
          "constructionInProgress": 9325000000,
          "nonCurrentDeferredTaxesAssets": 10770000000,
          "accountsReceivable": 4319000000,
          "reconciledDepreciation": 3171000000,
          "saleOfInvestment": 260000000,
          "nonCurrentAccountsReceivable": 1110000000,
          "otherIncomeExpense": 1466000000,
          "cashCashEquivalentsAndShortTermInvestments": 4797000000,
          "inventoriesAdjustmentsAllowances": -105000000,
          "changeInReceivables": -325000000,
          "EBITDA": 23897000000,
          "gainOnSaleOfSecurity": 2227000000,
          "sellingAndMarketingExpense": 22000000,
          "nonCurrentPensionAndOtherPostretirementBenefitPlans": 1260000000,
          "netCommonStockIssuance": -6036000000,
          "capitalLeaseObligations": 1531000000,
          "grossAccountsReceivable": 4362000000,
          "dilutedEPS": 4.05,
          "impairmentOfCapitalAssets": -773000000,
          "tradeandOtherPayablesNonCurrent": 1869000000,
          "investmentinFinancialAssets": 7000000,
          "treasurySharesNumber": 295810551,
          "issuanceOfDebt": 1275000000,
          "grossPPE": 78341000000,
          "nonCurrentDeferredAssets": 10770000000,
          "purchaseOfBusiness": -338000000,
          "cashFromDiscontinuedOperatingActivities": 41000000,
          "incomeTaxPayable": 371000000,
          "cashFromDiscontinuedInvestingActivities": -103000000,
          "otherNonCurrentLiabilities": 4299000000,
          "assetImpairmentCharge": -773000000,
          "longTermDebtIssuance": 1275000000,
          "investingCashFlow": -4686000000,
          "operatingExpense": 1537000000,
          "receivables": 5591000000,
          "duetoRelatedPartiesNonCurrent": 1410000000,
          "totalOtherFinanceCost": -247000000,
          "accumulatedDepreciation": -33403000000,
          "changesInAccountReceivables": -325000000,
          "depreciationAndAmortizationInIncomeStatement": 41000000,
          "tangibleBookValue": 25629000000,
          "pensionandOtherPostRetirementBenefitPlansCurrent": 930000000,
          "basicAverageShares": 4637794000,
          "netIncomeDiscontinuousOperations": 2060000000,
          "taxEffectOfUnusualItems": 174375966.836864,
          "salariesAndWages": 230000000,
          "totalOperatingIncomeAsReported": 17208000000,
          "nonCurrentDeferredRevenue": 2554000000,
          "otherCurrentLiabilities": 2693000000,
          "otherEquityAdjustments": 20208000000,
          "currentDebtAndCapitalLeaseObligation": 489000000,
          "netIncomeIncludingNoncontrollingInterests": 18870000000,
          "depreciationAmortizationDepletion": 3171000000,
          "totalDebt": 15437000000,
          "otherCurrentBorrowings": 307000000,
          "interestExpense": 945000000,
          "cashFlowFromContinuingOperatingActivities": 11444000000,
          "machineryFurnitureEquipment": 16918000000,
          "specialIncomeCharges": -1066000000,
          "capitalStock": 61614000000,
          "goodwill": 3189000000,
          "netIncomeFromContinuingOperations": 19781000000,
          "shareIssued": 4778889251,
          "minorityInterest": 1491000000,
          "netLongTermDebtIssuance": -1249000000,
          "otherShortTermInvestments": 61000000,
          "taxesReceivable": 1272000000,
          "interestExpenseNonOperating": 945000000,
          "accountsPayable": 4461000000,
          "dividendsPayable": 1383000000,
          "changeInWorkingCapital": -1316000000,
          "taxProvision": 2971000000,
          "totalLiabilitiesNetMinorityInterest": 49536000000,
          "endCashPosition": 4736000000,
          "effectOfExchangeRateChanges": 138000000,
          "reconciledCostOfRevenue": 20898000000,
          "longTermEquityInvestment": 1798000000,
          "cashAndCashEquivalents": 4736000000,
          "netIncomeContinuousOperations": 16810000000,
          "finishedGoods": 2777000000,
          "commonStockPayments": -6036000000,
          "netTangibleAssets": 25629000000,
          "totalEquityGrossMinorityInterest": 37358000000,
          "investmentsAndAdvances": 1805000000,
          "netIncome": 18788000000,
          "currentDebt": 307000000,
          "basicEPS": 4.05,
          "interestIncome": 739000000,
          "rawMaterials": 1010000000,
          "longTermDebtPayments": -2524000000,
          "netDebt": 9170000000,
          "normalizedEBITDA": 22736000000,
          "totalTaxPayable": 841000000,
          "longTermDebt": 13599000000,
          "repurchaseOfCapitalStock": -6036000000,
          "otherNonCashItems": -3174000000,
          "operatingRevenue": 43314000000,
          "availableForSaleSecurities": 7000000,
          "workingCapital": 1635000000,
          "netNonOperatingInterestIncomeExpense": 41000000,
          "currentProvisions": 767000000,
          "cashFlowFromContinuingInvestingActivities": -4583000000,
          "otherOperatingExpenses": 362000000,
          "currentLiabilities": 13891000000,
          "payablesAndAccruedExpenses": 8596000000,
          "allowanceForDoubtfulAccountsReceivable": -43000000,
          "totalCapitalization": 49466000000,
          "changeInPayablesAndAccruedExpense": 495000000,
          "netIncomeFromContinuingOperationNetMinorityInterest": 16728000000,
          "taxRateForCalcs": 0.150195,
          "currentDeferredLiabilities": 416000000,
          "gainOnSaleOfPPE": -46000000,
          "totalNonCurrentAssets": 71368000000,
          "otherIntangibleAssets": 7049000000,
          "netPPE": 44938000000,
          "employeeBenefits": 1260000000,
          "payables": 8596000000,
          "normalizedIncome": 15741375966.836864,
          "dilutedAverageShares": 4642432000,
          "operatingCashFlow": 11485000000,
          "grossProfit": 19811000000,
          "changeInPayable": 495000000,
          "cashFlowFromContinuingFinancingActivities": -13900000000,
          "netBusinessPurchaseAndSale": 239000000,
          "minorityInterests": -82000000,
          "goodwillAndOtherIntangibleAssets": 10238000000,
          "cashFromDiscontinuedFinancingActivities": -11000000,
          "provisionandWriteOffofAssets": 472000000,
          "financialAssets": 196000000,
          "totalUnusualItemsExcludingGoodwill": 1161000000,
          "currentCapitalLeaseObligation": 182000000,
          "changeInInventory": 45000000,
          "totalExpenses": 25565000000,
          "earningsFromEquityInterest": 305000000,
          "EBIT": 20726000000,
          "longTermProvisions": 7706000000,
          "beginningCashPosition": 11721000000,
          "otherCashAdjustmentOutsideChangeinCash": -11000000,
          "netIncomeFromContinuingAndDiscontinuedOperation": 18788000000,
          "taxesRefundPaid": -4637000000,
          "capitalExpenditure": -5446000000,
          "nonCurrentDeferredLiabilities": 3967000000,
          "dilutedNIAvailtoComStockholders": 18788000000,
          "nonCurrentDeferredTaxesLiabilities": 1413000000,
          "workInProcess": 800000000,
          "netOtherFinancingCharges": -12000000,
          "inventory": 4482000000,
          "commonStock": 61614000000,
          "netForeignCurrencyExchangeGainLoss": 975000000,
          "changeInOtherWorkingCapital": -1531000000,
          "otherProperties": 35693000000,
          "repaymentOfDebt": -2524000000,
          "totalRevenue": 43839000000,
          "derivativeProductLiabilities": 186000000,
          "longTermCapitalLeaseObligation": 1349000000,
          "longTermDebtAndCapitalLeaseObligation": 14948000000,
          "netIssuancePaymentsOfDebt": -1249000000,
          "treasuryStock": 4980000000
        },
        {
          "TYPE": "ALL",
          "date": "2023-12-31T00:00:00.000Z",
          "netInvestmentPurchaseAndSale": 127000000,
          "periodType": "12M",
          "gainsLossesNotAffectingRetainedEarnings": -18649000000,
          "mineralProperties": 15663000000,
          "operatingIncome": 16309000000,
          "interestPaidCFO": -976000000,
          "researchAndDevelopment": 723000000,
          "changeInAccountPayable": 637000000,
          "totalNonCurrentLiabilitiesNetMinorityInterest": 38550000000,
          "netInterestIncome": -1515000000,
          "duetoRelatedPartiesCurrent": 837000000,
          "otherCurrentAssets": 444000000,
          "commonStockEquity": 39461000000,
          "hedgingAssetsCurrent": 271000000,
          "changesInCash": -493000000,
          "netOtherInvestingChanges": -38000000,
          "totalUnusualItems": -2535000000,
          "currentDeferredRevenue": 591000000,
          "pretaxIncome": 11151000000,
          "otherGandA": 237000000,
          "interestIncomeNonOperating": 123000000,
          "costOfRevenue": 24089000000,
          "financingCashFlow": -7339000000,
          "freeCashFlow": 7245000000,
          "dividendsReceivedCFI": 204000000,
          "investedCapital": 54806000000,
          "cashDividendsPaid": -5513000000,
          "depreciationAmortizationDepletionIncomeStatement": 47000000,
          "otherNonCurrentAssets": 2059000000,
          "capitalExpenditureReported": -5920000000,
          "foreignCurrencyTranslationAdjustments": -39891000000,
          "sellingGeneralAndAdministration": 506000000,
          "assetsHeldForSaleCurrent": 3933000000,
          "gainLossOnInvestmentSecurities": -1212000000,
          "currentAssets": 18700000000,
          "generalAndAdministrativeExpense": 480000000,
          "operatingGainsLosses": 1539000000,
          "totalAssets": 94186000000,
          "earningsLossesFromEquityInvestments": 1108000000,
          "ordinarySharesNumber": 4299854300,
          "stockholdersEquity": 39461000000,
          "netIncomeCommonStockholders": 7983000000,
          "otherSpecialCharges": 1838000000,
          "constructionInProgress": 11208000000,
          "nonCurrentDeferredTaxesAssets": 9565000000,
          "accountsReceivable": 4197000000,
          "reconciledDepreciation": 3070000000,
          "saleOfInvestment": 127000000,
          "nonCurrentAccountsReceivable": 1374000000,
          "otherIncomeExpense": -3643000000,
          "cashCashEquivalentsAndShortTermInvestments": 3660000000,
          "inventoriesAdjustmentsAllowances": -139000000,
          "changeInReceivables": 197000000,
          "EBITDA": 15560000000,
          "gainOnSaleOfSecurity": -431000000,
          "sellingAndMarketingExpense": 26000000,
          "nonCurrentPensionAndOtherPostretirementBenefitPlans": 1381000000,
          "netCommonStockIssuance": -2714000000,
          "capitalLeaseObligations": 1452000000,
          "grossAccountsReceivable": 4241000000,
          "dilutedEPS": 1.83,
          "impairmentOfCapitalAssets": 266000000,
          "tradeandOtherPayablesNonCurrent": 1723000000,
          "investmentinFinancialAssets": 45000000,
          "treasurySharesNumber": 239153280,
          "issuanceOfDebt": 1950000000,
          "grossPPE": 81470000000,
          "nonCurrentDeferredAssets": 9565000000,
          "purchaseOfBusiness": -553000000,
          "incomeTaxPayable": 428000000,
          "otherNonCurrentLiabilities": 4258000000,
          "assetImpairmentCharge": 266000000,
          "longTermDebtIssuance": 1950000000,
          "investingCashFlow": -6319000000,
          "operatingExpense": 1386000000,
          "receivables": 5097000000,
          "duetoRelatedPartiesNonCurrent": 3590000000,
          "totalOtherFinanceCost": 299000000,
          "accumulatedDepreciation": -33074000000,
          "changesInAccountReceivables": 197000000,
          "depreciationAndAmortizationInIncomeStatement": 47000000,
          "tangibleBookValue": 27830000000,
          "pensionandOtherPostRetirementBenefitPlansCurrent": 964000000,
          "basicAverageShares": 4299854300,
          "taxEffectOfUnusualItems": -692458972.289481,
          "salariesAndWages": 243000000,
          "totalOperatingIncomeAsReported": 14205000000,
          "nonCurrentDeferredRevenue": 3278000000,
          "otherCurrentLiabilities": 3079000000,
          "otherEquityAdjustments": 21242000000,
          "currentDebtAndCapitalLeaseObligation": 1021000000,
          "netIncomeIncludingNoncontrollingInterests": 8105000000,
          "depreciationAmortizationDepletion": 3070000000,
          "totalDebt": 16797000000,
          "otherCurrentBorrowings": 824000000,
          "interestExpense": 1339000000,
          "cashFlowFromContinuingOperatingActivities": 13165000000,
          "machineryFurnitureEquipment": 19293000000,
          "specialIncomeCharges": -2104000000,
          "capitalStock": 61614000000,
          "goodwill": 3263000000,
          "netIncomeFromContinuingOperations": 11151000000,
          "shareIssued": 4539007580,
          "minorityInterest": 1520000000,
          "netLongTermDebtIssuance": 1059000000,
          "otherShortTermInvestments": 51000000,
          "taxesReceivable": 900000000,
          "interestExpenseNonOperating": 1339000000,
          "accountsPayable": 5272000000,
          "changeInWorkingCapital": -903000000,
          "taxProvision": 3046000000,
          "totalLiabilitiesNetMinorityInterest": 53205000000,
          "endCashPosition": 3609000000,
          "effectOfExchangeRateChanges": 69000000,
          "reconciledCostOfRevenue": 21066000000,
          "longTermEquityInvestment": 1872000000,
          "cashAndCashEquivalents": 3609000000,
          "netIncomeContinuousOperations": 8105000000,
          "finishedGoods": 3097000000,
          "commonStockPayments": -2714000000,
          "netTangibleAssets": 27830000000,
          "totalEquityGrossMinorityInterest": 40981000000,
          "investmentsAndAdvances": 1917000000,
          "netIncome": 7983000000,
          "currentDebt": 824000000,
          "basicEPS": 1.83,
          "interestIncome": 123000000,
          "rawMaterials": 1159000000,
          "longTermDebtPayments": -891000000,
          "netDebt": 11736000000,
          "normalizedEBITDA": 18095000000,
          "totalTaxPayable": 1742000000,
          "longTermDebt": 14521000000,
          "repurchaseOfCapitalStock": -2714000000,
          "otherNonCashItems": 294000000,
          "operatingRevenue": 41648000000,
          "availableForSaleSecurities": 45000000,
          "workingCapital": 4045000000,
          "netNonOperatingInterestIncomeExpense": -1515000000,
          "currentProvisions": 1149000000,
          "cashFlowFromContinuingInvestingActivities": -6319000000,
          "otherOperatingExpenses": 110000000,
          "currentLiabilities": 14655000000,
          "payablesAndAccruedExpenses": 7851000000,
          "allowanceForDoubtfulAccountsReceivable": -44000000,
          "totalCapitalization": 53982000000,
          "changeInPayablesAndAccruedExpense": 637000000,
          "netIncomeFromContinuingOperationNetMinorityInterest": 7983000000,
          "taxRateForCalcs": 0.273159,
          "currentDeferredLiabilities": 591000000,
          "gainOnSaleOfPPE": -74000000,
          "totalNonCurrentAssets": 75486000000,
          "otherIntangibleAssets": 8368000000,
          "netPPE": 48396000000,
          "employeeBenefits": 1381000000,
          "payables": 7851000000,
          "normalizedIncome": 9825541027.71052,
          "dilutedAverageShares": 4362295082,
          "operatingCashFlow": 13165000000,
          "grossProfit": 17695000000,
          "changeInPayable": 637000000,
          "cashFlowFromContinuingFinancingActivities": -7339000000,
          "netBusinessPurchaseAndSale": -692000000,
          "minorityInterests": -122000000,
          "goodwillAndOtherIntangibleAssets": 11631000000,
          "provisionandWriteOffofAssets": 614000000,
          "financialAssets": 544000000,
          "totalUnusualItemsExcludingGoodwill": -2535000000,
          "currentCapitalLeaseObligation": 197000000,
          "changeInInventory": -214000000,
          "totalExpenses": 25475000000,
          "earningsFromEquityInterest": -1108000000,
          "EBIT": 12490000000,
          "longTermProvisions": 7579000000,
          "beginningCashPosition": 4736000000,
          "otherCashAdjustmentOutsideChangeinCash": -703000000,
          "netIncomeFromContinuingAndDiscontinuedOperation": 7983000000,
          "restrictedCash": 611000000,
          "taxesRefundPaid": -1890000000,
          "capitalExpenditure": -5920000000,
          "nonCurrentDeferredLiabilities": 4148000000,
          "dilutedNIAvailtoComStockholders": 7983000000,
          "nonCurrentDeferredTaxesLiabilities": 870000000,
          "workInProcess": 567000000,
          "netOtherFinancingCharges": -171000000,
          "inventory": 4684000000,
          "commonStock": 61614000000,
          "netForeignCurrencyExchangeGainLoss": 1643000000,
          "changeInOtherWorkingCapital": -1523000000,
          "otherProperties": 35306000000,
          "repaymentOfDebt": -891000000,
          "purchaseOfInvestment": -139000000,
          "totalRevenue": 41784000000,
          "derivativeProductLiabilities": 95000000,
          "longTermCapitalLeaseObligation": 1255000000,
          "longTermDebtAndCapitalLeaseObligation": 15776000000,
          "netIssuancePaymentsOfDebt": 1059000000,
          "treasuryStock": 3504000000
        },
        {
          "TYPE": "ALL",
          "date": "2024-12-31T00:00:00.000Z",
          "netInvestmentPurchaseAndSale": -85000000,
          "periodType": "12M",
          "gainsLossesNotAffectingRetainedEarnings": -24297000000,
          "mineralProperties": 12715000000,
          "operatingIncome": 11101000000,
          "interestPaidCFO": -1111000000,
          "researchAndDevelopment": 790000000,
          "changeInAccountPayable": -360000000,
          "totalNonCurrentLiabilitiesNetMinorityInterest": 32534000000,
          "netInterestIncome": -1554000000,
          "duetoRelatedPartiesCurrent": 1844000000,
          "otherCurrentAssets": 359000000,
          "commonStockEquity": 33406000000,
          "hedgingAssetsCurrent": 53000000,
          "changesInCash": 1723000000,
          "netOtherInvestingChanges": -796000000,
          "totalUnusualItems": -2985000000,
          "currentDeferredRevenue": 467000000,
          "pretaxIncome": 6696000000,
          "otherGandA": 279000000,
          "interestIncomeNonOperating": 94000000,
          "costOfRevenue": 24265000000,
          "financingCashFlow": -2275000000,
          "freeCashFlow": 2919000000,
          "dividendsReceivedCFI": 81000000,
          "investedCapital": 50365000000,
          "cashDividendsPaid": -3914000000,
          "depreciationAmortizationDepletionIncomeStatement": 56000000,
          "otherNonCurrentAssets": 2016000000,
          "capitalExpenditureReported": -6447000000,
          "foreignCurrencyTranslationAdjustments": -43383000000,
          "sellingGeneralAndAdministration": 566000000,
          "gainLossOnInvestmentSecurities": 881000000,
          "currentAssets": 13481000000,
          "generalAndAdministrativeExpense": 545000000,
          "operatingGainsLosses": 2538000000,
          "totalAssets": 80152000000,
          "earningsLossesFromEquityInvestments": 269000000,
          "ordinarySharesNumber": 4268720013,
          "stockholdersEquity": 33406000000,
          "netIncomeCommonStockholders": 6166000000,
          "otherSpecialCharges": 1017000000,
          "constructionInProgress": 9719000000,
          "nonCurrentDeferredTaxesAssets": 8244000000,
          "accountsReceivable": 2358000000,
          "reconciledDepreciation": 3057000000,
          "nonCurrentAccountsReceivable": 1297000000,
          "otherIncomeExpense": -2851000000,
          "cashCashEquivalentsAndShortTermInvestments": 5006000000,
          "inventoriesAdjustmentsAllowances": -138000000,
          "changeInReceivables": 1668000000,
          "EBITDA": 11071000000,
          "gainOnSaleOfSecurity": -2269000000,
          "sellingAndMarketingExpense": 21000000,
          "nonCurrentPensionAndOtherPostretirementBenefitPlans": 1118000000,
          "netCommonStockIssuance": -409000000,
          "capitalLeaseObligations": 713000000,
          "grossAccountsReceivable": 2410000000,
          "dilutedEPS": 1.44,
          "impairmentOfCapitalAssets": -301000000,
          "tradeandOtherPayablesNonCurrent": 1007000000,
          "investmentinFinancialAssets": 54000000,
          "treasurySharesNumber": 270287567,
          "issuanceOfDebt": 4855000000,
          "grossPPE": 70776000000,
          "nonCurrentDeferredAssets": 8244000000,
          "purchaseOfBusiness": -808000000,
          "incomeTaxPayable": 353000000,
          "otherNonCurrentLiabilities": 3501000000,
          "assetImpairmentCharge": -301000000,
          "longTermDebtIssuance": 4855000000,
          "investingCashFlow": -5368000000,
          "operatingExpense": 2690000000,
          "receivables": 3458000000,
          "duetoRelatedPartiesNonCurrent": 1819000000,
          "totalOtherFinanceCost": 330000000,
          "accumulatedDepreciation": -30792000000,
          "changesInAccountReceivables": 1668000000,
          "depreciationAndAmortizationInIncomeStatement": 56000000,
          "tangibleBookValue": 22892000000,
          "pensionandOtherPostRetirementBenefitPlansCurrent": 1012000000,
          "basicAverageShares": 4274854000,
          "taxEffectOfUnusualItems": -278020011.947431,
          "salariesAndWages": 266000000,
          "totalOperatingIncomeAsReported": 10788000000,
          "nonCurrentDeferredRevenue": 1887000000,
          "otherCurrentLiabilities": 2157000000,
          "otherEquityAdjustments": 19086000000,
          "currentDebtAndCapitalLeaseObligation": 1167000000,
          "netIncomeIncludingNoncontrollingInterests": 5975000000,
          "depreciationAmortizationDepletion": 3057000000,
          "totalDebt": 17672000000,
          "otherCurrentBorrowings": 1020000000,
          "interestExpense": 1318000000,
          "cashFlowFromContinuingOperatingActivities": 9366000000,
          "machineryFurnitureEquipment": 17182000000,
          "specialIncomeCharges": -716000000,
          "capitalStock": 61614000000,
          "goodwill": 3038000000,
          "netIncomeFromContinuingOperations": 6696000000,
          "shareIssued": 4539007580,
          "minorityInterest": 1122000000,
          "netLongTermDebtIssuance": 2048000000,
          "otherShortTermInvestments": 53000000,
          "taxesReceivable": 1100000000,
          "interestExpenseNonOperating": 1318000000,
          "accountsPayable": 4234000000,
          "dividendsPayable": 330000000,
          "changeInWorkingCapital": 313000000,
          "taxProvision": 721000000,
          "totalLiabilitiesNetMinorityInterest": 45624000000,
          "endCashPosition": 4953000000,
          "effectOfExchangeRateChanges": -454000000,
          "reconciledCostOfRevenue": 21264000000,
          "longTermEquityInvestment": 4547000000,
          "cashAndCashEquivalents": 4953000000,
          "netIncomeContinuousOperations": 5975000000,
          "finishedGoods": 3064000000,
          "commonStockPayments": -409000000,
          "netTangibleAssets": 22892000000,
          "totalEquityGrossMinorityInterest": 34528000000,
          "investmentsAndAdvances": 4601000000,
          "netIncome": 6166000000,
          "currentDebt": 1020000000,
          "basicEPS": 1.44,
          "interestIncome": 94000000,
          "rawMaterials": 988000000,
          "longTermDebtPayments": -2807000000,
          "netDebt": 12006000000,
          "normalizedEBITDA": 13653000000,
          "totalTaxPayable": 927000000,
          "longTermDebt": 15939000000,
          "repurchaseOfCapitalStock": -409000000,
          "otherNonCashItems": 123000000,
          "operatingRevenue": 38056000000,
          "availableForSaleSecurities": 54000000,
          "workingCapital": 391000000,
          "netNonOperatingInterestIncomeExpense": -1554000000,
          "currentProvisions": 952000000,
          "cashFlowFromContinuingInvestingActivities": -5368000000,
          "otherOperatingExpenses": 1278000000,
          "currentLiabilities": 13090000000,
          "payablesAndAccruedExpenses": 7335000000,
          "allowanceForDoubtfulAccountsReceivable": -52000000,
          "totalCapitalization": 49345000000,
          "changeInPayablesAndAccruedExpense": -360000000,
          "netIncomeFromContinuingOperationNetMinorityInterest": 6166000000,
          "taxRateForCalcs": 0.107676,
          "currentDeferredLiabilities": 467000000,
          "totalNonCurrentAssets": 66671000000,
          "otherIntangibleAssets": 7476000000,
          "netPPE": 39984000000,
          "employeeBenefits": 1118000000,
          "payables": 7335000000,
          "normalizedIncome": 8469979988.052569,
          "dilutedAverageShares": 4279867000,
          "operatingCashFlow": 9366000000,
          "grossProfit": 13791000000,
          "changeInPayable": -360000000,
          "cashFlowFromContinuingFinancingActivities": -2275000000,
          "netBusinessPurchaseAndSale": 1879000000,
          "minorityInterests": 191000000,
          "goodwillAndOtherIntangibleAssets": 10514000000,
          "provisionandWriteOffofAssets": -90000000,
          "financialAssets": 15000000,
          "totalUnusualItemsExcludingGoodwill": -2985000000,
          "currentCapitalLeaseObligation": 147000000,
          "changeInInventory": -549000000,
          "totalExpenses": 26955000000,
          "earningsFromEquityInterest": -269000000,
          "EBIT": 8014000000,
          "longTermProvisions": 5824000000,
          "beginningCashPosition": 3609000000,
          "otherCashAdjustmentOutsideChangeinCash": 75000000,
          "netIncomeFromContinuingAndDiscontinuedOperation": 6166000000,
          "taxesRefundPaid": -1859000000,
          "capitalExpenditure": -6447000000,
          "nonCurrentDeferredLiabilities": 2332000000,
          "dilutedNIAvailtoComStockholders": 6166000000,
          "nonCurrentDeferredTaxesLiabilities": 445000000,
          "workInProcess": 691000000,
          "inventory": 4605000000,
          "commonStock": 61614000000,
          "netForeignCurrencyExchangeGainLoss": 1388000000,
          "changeInOtherWorkingCapital": -446000000,
          "otherProperties": 31160000000,
          "repaymentOfDebt": -2807000000,
          "totalRevenue": 38056000000,
          "derivativeProductLiabilities": 428000000,
          "longTermCapitalLeaseObligation": 566000000,
          "longTermDebtAndCapitalLeaseObligation": 16505000000,
          "netIssuancePaymentsOfDebt": 2048000000,
          "treasuryStock": 3911000000
        }
      ],
      "fromError": true
    },
    "timestamp": "2025-10-24T20:49:43.129Z"
  },
  {
    "ticker": "ITUB4.SA",
    "quote": {
      "symbol": "ITUB4.SA",
      "price": 38.03,
      "marketCap": 386230059008,
      "trailingPE": 9.5075,
      "forwardPE": 8.213822,
      "priceToBook": 1.9664924,
      "dividendYield": 0.56,
      "bookValue": 19.339,
      "sharesOutstanding": 5281885568
    },
    "quoteSummary": {
      "summaryDetail": {
        "maxAge": 1,
        "priceHint": 2,
        "previousClose": 38.08,
        "open": 38.38,
        "dayLow": 37.98,
        "dayHigh": 38.52,
        "regularMarketPreviousClose": 38.08,
        "regularMarketOpen": 38.38,
        "regularMarketDayLow": 37.98,
        "regularMarketDayHigh": 38.52,
        "dividendRate": 0.21,
        "dividendYield": 0.0056,
        "exDividendDate": "2025-11-03T00:00:00.000Z",
        "payoutRatio": 0.66040003,
        "fiveYearAvgDividendYield": 3.66,
        "beta": 0.283,
        "trailingPE": 9.5075,
        "forwardPE": 8.213822,
        "volume": 9849300,
        "regularMarketVolume": 9849300,
        "averageVolume": 19793826,
        "averageVolume10days": 16149570,
        "averageDailyVolume10Day": 16149570,
        "bid": 38.02,
        "ask": 38.03,
        "bidSize": 0,
        "askSize": 0,
        "marketCap": 386230059008,
        "fiftyTwoWeekLow": 27.10909,
        "fiftyTwoWeekHigh": 39.5,
        "allTimeHigh": 39.5,
        "allTimeLow": 1.656091,
        "priceToSalesTrailing12Months": 2.8657184,
        "fiftyDayAverage": 37.8768,
        "twoHundredDayAverage": 34.844685,
        "trailingAnnualDividendRate": 2.39,
        "trailingAnnualDividendYield": 0.0627626,
        "currency": "BRL",
        "fromCurrency": null,
        "toCurrency": null,
        "lastMarket": null,
        "coinMarketCapLink": null,
        "algorithm": null,
        "tradeable": false
      },
      "incomeStatementHistoryQuarterly": {
        "incomeStatementHistory": [
          {
            "maxAge": 1,
            "endDate": "2025-06-30T00:00:00.000Z",
            "totalRevenue": 45727000000,
            "costOfRevenue": 0,
            "grossProfit": 0,
            "researchDevelopment": null,
            "sellingGeneralAdministrative": null,
            "nonRecurring": null,
            "otherOperatingExpenses": null,
            "totalOperatingExpenses": 0,
            "operatingIncome": null,
            "totalOtherIncomeExpenseNet": null,
            "ebit": 0,
            "interestExpense": null,
            "incomeBeforeTax": null,
            "incomeTaxExpense": 0,
            "minorityInterest": null,
            "netIncomeFromContinuingOps": null,
            "discontinuedOperations": null,
            "extraordinaryItems": null,
            "effectOfAccountingCharges": null,
            "otherItems": null,
            "netIncome": 11137000000,
            "netIncomeApplicableToCommonShares": null
          },
          {
            "maxAge": 1,
            "endDate": "2025-03-31T00:00:00.000Z",
            "totalRevenue": 45016000000,
            "costOfRevenue": 0,
            "grossProfit": 0,
            "researchDevelopment": null,
            "sellingGeneralAdministrative": null,
            "nonRecurring": null,
            "otherOperatingExpenses": null,
            "totalOperatingExpenses": 0,
            "operatingIncome": null,
            "totalOtherIncomeExpenseNet": null,
            "ebit": 0,
            "interestExpense": null,
            "incomeBeforeTax": null,
            "incomeTaxExpense": 0,
            "minorityInterest": null,
            "netIncomeFromContinuingOps": null,
            "discontinuedOperations": null,
            "extraordinaryItems": null,
            "effectOfAccountingCharges": null,
            "otherItems": null,
            "netIncome": 10507000000,
            "netIncomeApplicableToCommonShares": null
          },
          {
            "maxAge": 1,
            "endDate": "2024-12-31T00:00:00.000Z",
            "totalRevenue": 44098000000,
            "costOfRevenue": 0,
            "grossProfit": 0,
            "researchDevelopment": null,
            "sellingGeneralAdministrative": null,
            "nonRecurring": null,
            "otherOperatingExpenses": null,
            "totalOperatingExpenses": 0,
            "operatingIncome": null,
            "totalOtherIncomeExpenseNet": null,
            "ebit": 0,
            "interestExpense": null,
            "incomeBeforeTax": null,
            "incomeTaxExpense": 0,
            "minorityInterest": null,
            "netIncomeFromContinuingOps": null,
            "discontinuedOperations": null,
            "extraordinaryItems": null,
            "effectOfAccountingCharges": null,
            "otherItems": null,
            "netIncome": 10554000000,
            "netIncomeApplicableToCommonShares": null
          },
          {
            "maxAge": 1,
            "endDate": "2024-09-30T00:00:00.000Z",
            "totalRevenue": 42694000000,
            "costOfRevenue": 0,
            "grossProfit": 0,
            "researchDevelopment": null,
            "sellingGeneralAdministrative": null,
            "nonRecurring": null,
            "otherOperatingExpenses": null,
            "totalOperatingExpenses": 0,
            "operatingIncome": null,
            "totalOtherIncomeExpenseNet": null,
            "ebit": 0,
            "interestExpense": null,
            "incomeBeforeTax": null,
            "incomeTaxExpense": 0,
            "minorityInterest": null,
            "netIncomeFromContinuingOps": null,
            "discontinuedOperations": null,
            "extraordinaryItems": null,
            "effectOfAccountingCharges": null,
            "otherItems": null,
            "netIncome": 10366000000,
            "netIncomeApplicableToCommonShares": null
          }
        ],
        "maxAge": 86400
      },
      "cashflowStatementHistory": {
        "cashflowStatements": [
          {
            "maxAge": 1,
            "endDate": "2024-12-31T00:00:00.000Z",
            "netIncome": 40231000000
          },
          {
            "maxAge": 1,
            "endDate": "2023-12-31T00:00:00.000Z",
            "netIncome": 33368000000
          },
          {
            "maxAge": 1,
            "endDate": "2022-12-31T00:00:00.000Z",
            "netIncome": 29702000000
          },
          {
            "maxAge": 1,
            "endDate": "2021-12-31T00:00:00.000Z",
            "netIncome": 26760000000
          }
        ],
        "maxAge": 86400
      },
      "cashflowStatementHistoryQuarterly": {
        "cashflowStatements": [
          {
            "maxAge": 1,
            "endDate": "2025-06-30T00:00:00.000Z",
            "netIncome": 11137000000
          },
          {
            "maxAge": 1,
            "endDate": "2025-03-31T00:00:00.000Z",
            "netIncome": 10507000000
          },
          {
            "maxAge": 1,
            "endDate": "2024-12-31T00:00:00.000Z",
            "netIncome": 10554000000
          },
          {
            "maxAge": 1,
            "endDate": "2024-09-30T00:00:00.000Z",
            "netIncome": 10366000000
          }
        ],
        "maxAge": 86400
      },
      "balanceSheetHistoryQuarterly": {
        "balanceSheetStatements": [
          {
            "maxAge": 1,
            "endDate": "2025-06-30T00:00:00.000Z"
          },
          {
            "maxAge": 1,
            "endDate": "2025-03-31T00:00:00.000Z"
          },
          {
            "maxAge": 1,
            "endDate": "2024-12-31T00:00:00.000Z"
          },
          {
            "maxAge": 1,
            "endDate": "2024-09-30T00:00:00.000Z"
          }
        ],
        "maxAge": 86400
      },
      "defaultKeyStatistics": {
        "maxAge": 1,
        "priceHint": 2,
        "enterpriseValue": 1017675579392,
        "forwardPE": 8.103817,
        "profitMargins": 0.3179,
        "floatShares": 5824961859,
        "sharesOutstanding": 5281885568,
        "heldPercentInsiders": 0.000030000001,
        "heldPercentInstitutions": 0.48852003,
        "beta": 0.283,
        "impliedSharesOutstanding": 9255000064,
        "category": null,
        "bookValue": 19.339,
        "priceToBook": 1.9664924,
        "fundFamily": null,
        "legalType": null,
        "lastFiscalYearEnd": "2024-12-31T00:00:00.000Z",
        "nextFiscalYearEnd": "2025-12-31T00:00:00.000Z",
        "mostRecentQuarter": "2025-06-30T00:00:00.000Z",
        "earningsQuarterlyGrowth": 0.106,
        "netIncomeToCommon": 42844999680,
        "trailingEps": 4,
        "forwardEps": 4.63,
        "lastSplitFactor": "110:100",
        "lastSplitDate": 1742256000,
        "enterpriseToRevenue": 7.551,
        "52WeekChange": 0.18662894,
        "SandP52WeekChange": 0.1601758,
        "lastDividendValue": 0.01765,
        "lastDividendDate": "2025-12-02T00:00:00.000Z",
        "latestShareClass": null,
        "leadInvestor": null
      },
      "balanceSheetHistory": {
        "balanceSheetStatements": [
          {
            "maxAge": 1,
            "endDate": "2024-12-31T00:00:00.000Z"
          },
          {
            "maxAge": 1,
            "endDate": "2023-12-31T00:00:00.000Z"
          },
          {
            "maxAge": 1,
            "endDate": "2022-12-31T00:00:00.000Z"
          },
          {
            "maxAge": 1,
            "endDate": "2021-12-31T00:00:00.000Z"
          }
        ],
        "maxAge": 86400
      },
      "incomeStatementHistory": {
        "incomeStatementHistory": [
          {
            "maxAge": 1,
            "endDate": "2024-12-31T00:00:00.000Z",
            "totalRevenue": 168956000000,
            "costOfRevenue": 0,
            "grossProfit": 0,
            "researchDevelopment": null,
            "sellingGeneralAdministrative": null,
            "nonRecurring": null,
            "otherOperatingExpenses": null,
            "totalOperatingExpenses": 0,
            "operatingIncome": null,
            "totalOtherIncomeExpenseNet": null,
            "ebit": 0,
            "interestExpense": null,
            "incomeBeforeTax": null,
            "incomeTaxExpense": 0,
            "minorityInterest": null,
            "netIncomeFromContinuingOps": null,
            "discontinuedOperations": null,
            "extraordinaryItems": null,
            "effectOfAccountingCharges": null,
            "otherItems": null,
            "netIncome": 40231000000,
            "netIncomeApplicableToCommonShares": null
          },
          {
            "maxAge": 1,
            "endDate": "2023-12-31T00:00:00.000Z",
            "totalRevenue": 156800000000,
            "costOfRevenue": 0,
            "grossProfit": 0,
            "researchDevelopment": null,
            "sellingGeneralAdministrative": null,
            "nonRecurring": null,
            "otherOperatingExpenses": null,
            "totalOperatingExpenses": 0,
            "operatingIncome": null,
            "totalOtherIncomeExpenseNet": null,
            "ebit": 0,
            "interestExpense": null,
            "incomeBeforeTax": null,
            "incomeTaxExpense": 0,
            "minorityInterest": null,
            "netIncomeFromContinuingOps": null,
            "discontinuedOperations": null,
            "extraordinaryItems": null,
            "effectOfAccountingCharges": null,
            "otherItems": null,
            "netIncome": 33368000000,
            "netIncomeApplicableToCommonShares": null
          },
          {
            "maxAge": 1,
            "endDate": "2022-12-31T00:00:00.000Z",
            "totalRevenue": 142721000000,
            "costOfRevenue": 0,
            "grossProfit": 0,
            "researchDevelopment": null,
            "sellingGeneralAdministrative": null,
            "nonRecurring": null,
            "otherOperatingExpenses": null,
            "totalOperatingExpenses": 0,
            "operatingIncome": null,
            "totalOtherIncomeExpenseNet": null,
            "ebit": 0,
            "interestExpense": null,
            "incomeBeforeTax": null,
            "incomeTaxExpense": 0,
            "minorityInterest": null,
            "netIncomeFromContinuingOps": null,
            "discontinuedOperations": null,
            "extraordinaryItems": null,
            "effectOfAccountingCharges": null,
            "otherItems": null,
            "netIncome": 29702000000,
            "netIncomeApplicableToCommonShares": null
          },
          {
            "maxAge": 1,
            "endDate": "2021-12-31T00:00:00.000Z",
            "totalRevenue": 123979000000,
            "costOfRevenue": 0,
            "grossProfit": 0,
            "researchDevelopment": null,
            "sellingGeneralAdministrative": null,
            "nonRecurring": null,
            "otherOperatingExpenses": null,
            "totalOperatingExpenses": 0,
            "operatingIncome": null,
            "totalOtherIncomeExpenseNet": null,
            "ebit": 0,
            "interestExpense": null,
            "incomeBeforeTax": null,
            "incomeTaxExpense": 0,
            "minorityInterest": null,
            "netIncomeFromContinuingOps": null,
            "discontinuedOperations": null,
            "extraordinaryItems": null,
            "effectOfAccountingCharges": null,
            "otherItems": null,
            "netIncome": 26760000000,
            "netIncomeApplicableToCommonShares": null
          }
        ],
        "maxAge": 86400
      },
      "financialData": {
        "maxAge": 86400,
        "currentPrice": 38.03,
        "targetHighPrice": 46,
        "targetLowPrice": 30.5,
        "targetMeanPrice": 41.97538,
        "targetMedianPrice": 43,
        "recommendationMean": 1.76923,
        "recommendationKey": "buy",
        "numberOfAnalystOpinions": 13,
        "totalCash": 415270993920,
        "totalCashPerShare": 38.508,
        "totalDebt": 1012388986880,
        "totalRevenue": 134775996416,
        "revenuePerShare": 12.703,
        "returnOnAssets": 0.01565,
        "returnOnEquity": 0.20809,
        "grossProfits": 134775996416,
        "operatingCashflow": -40661000192,
        "earningsGrowth": 0.104,
        "revenueGrowth": -0.089,
        "grossMargins": 0,
        "ebitdaMargins": 0,
        "operatingMargins": 0.26951,
        "profitMargins": 0.3179,
        "financialCurrency": "BRL"
      }
    },
    "fundamentalsTimeSeries": {
      "config": {
        "type": "annual",
        "module": "all"
      },
      "data": [
        {
          "TYPE": "UNKNOWN",
          "date": 1609372800,
          "otherNonOperatingIncomeExpenses": -3487000000,
          "periodType": "12M",
          "additionalPaidInCapital": 2519000000,
          "currentCapitalLeaseObligation": 5069000000,
          "unrealizedGainLossOnInvestmentSecurities": 739000000,
          "machineryFurnitureEquipment": 1385000000,
          "constructionInProgress": 563000000,
          "impairmentOfCapitalAssets": 6201000000,
          "saleOfIntangibles": 309000000
        },
        {
          "TYPE": "ALL",
          "date": "2021-12-31T00:00:00.000Z",
          "endCashPosition": 103887000000,
          "periodType": "12M",
          "currentDebt": 126012000000,
          "totalPremiumsEarned": 5354000000,
          "totalRevenue": 122185000000,
          "longTermEquityInvestment": 6121000000,
          "financialInstrumentsSoldUnderAgreementsToRepurchase": 252848000000,
          "securitiesActivities": 3579000000,
          "otherLoanAssets": 205050000000,
          "otherShortTermInvestments": 105622000000,
          "commonStockIssuance": 510000000,
          "netOtherFinancingCharges": -1544000000,
          "derivativeProductLiabilities": 63204000000,
          "interestExpenseForFederalFundsSoldAndSecuritiesPurchaseUnderAgreementsToResell": 8635000000,
          "investmentsAndAdvances": 606823000000,
          "nonInterestExpense": 65636000000,
          "changeInWorkingCapital": -33107000000,
          "netIncomeContinuousOperations": 28384000000,
          "issuanceOfCapitalStock": 510000000,
          "totalTaxPayable": 6423000000,
          "cashAndCashEquivalents": 224846000000,
          "moneyMarketInvestments": 169718000000,
          "otherCustomerServices": 2578000000,
          "netLongTermDebtIssuance": -24159000000,
          "totalLiabilitiesNetMinorityInterest": 1904730000000,
          "cashFinancial": 44512000000,
          "changeInPayablesAndAccruedExpense": -898000000,
          "netIncome": 26760000000,
          "payablesAndAccruedExpenses": 9606000000,
          "insuranceAndClaims": 2638000000,
          "depositsbyBank": 3776000000,
          "deferredAssets": 50831000000,
          "longTermDebt": 189883000000,
          "netDebt": 91049000000,
          "writeOff": 440000000,
          "totalEquityGrossMinorityInterest": 164476000000,
          "feesAndCommissions": 37032000000,
          "taxRateForCalcs": 0.327887,
          "interestIncome": 129253000000,
          "currentProvisions": 2348000000,
          "cashFlowFromContinuingInvestingActivities": -4841000000,
          "purchaseOfPPE": -1414000000,
          "longTermDebtPayments": -32388000000,
          "netIntangiblesPurchaseAndSale": -7667000000,
          "otherReceivables": 62458000000,
          "securityAgreeToBeResell": 169718000000,
          "netIncomeFromContinuingOperationNetMinorityInterest": 26760000000,
          "effectOfExchangeRateChanges": -19941000000,
          "otherNonCashItems": 16000000000,
          "tradingSecurities": 17218000000,
          "netCommonStockIssuance": 510000000,
          "basicAverageShares": 10754735131,
          "otherPayable": 3183000000,
          "landAndImprovements": 1127000000,
          "availableForSaleSecurities": 477862000000,
          "taxProvision": 13847000000,
          "changeInOtherCurrentLiabilities": 3341000000,
          "depreciationAndAmortization": 4233000000,
          "changeInTaxPayable": -898000000,
          "longTermDebtAndCapitalLeaseObligation": 195207000000,
          "changeInPayable": -898000000,
          "interestIncomeFromDeposits": 4816000000,
          "foreignExchangeTradingGains": -1417000000,
          "totalCapitalization": 342747000000,
          "otherInterestExpense": 5384000000,
          "payables": 9606000000,
          "totalUnusualItemsExcludingGoodwill": -1600000000,
          "creditCard": 16051000000,
          "netPPE": 12009000000,
          "operatingCashFlow": 54306000000,
          "operatingRevenue": 122185000000,
          "incomefromAssociatesandOtherParticipatingInterests": 1164000000,
          "otherIntangibleAssets": 13288000000,
          "deferredTaxAssets": 50831000000,
          "reconciledDepreciation": 4233000000,
          "normalizedIncome": 27835380644.550213,
          "basicEPS": 2.472727,
          "longTermProvisions": 24792000000,
          "consumerLoan": 248081000000,
          "nonCurrentDeferredTaxesLiabilities": 280000000,
          "goodwillAndOtherIntangibleAssets": 21110000000,
          "dilutedNIAvailtoComStockholders": 26760000000,
          "netTangibleAssets": 131754000000,
          "federalFundsPurchasedAndSecuritiesSoldUnderAgreementToRepurchase": 252848000000,
          "taxesRefundPaid": -5885000000,
          "purchaseOfInvestment": -11329000000,
          "gainonSaleofInvestmentProperty": -119000000,
          "netPPEPurchaseAndSale": -1242000000,
          "otherProperties": 19705000000,
          "interestBearingDepositsLiabilities": 691428000000,
          "trustFeesbyCommissions": 6545000000,
          "otherLiabilities": 352155000000,
          "deferredIncomeTax": 10024000000,
          "changesInCash": 18005000000,
          "netIssuancePaymentsOfDebt": -24159000000,
          "interestIncomeFromSecurities": 21836000000,
          "otherGandA": 14691000000,
          "netBusinessPurchaseAndSale": -10000000,
          "treasuryStock": 528000000,
          "repaymentOfDebt": -32388000000,
          "cashCashEquivalentsAndFederalFundsSold": 407488000000,
          "minorityInterests": -1624000000,
          "nonCurrentDeferredLiabilities": 3558000000,
          "longTermCapitalLeaseObligation": 5324000000,
          "netIncomeFromContinuingAndDiscontinuedOperation": 26760000000,
          "netForeignCurrencyExchangeGainLoss": 19941000000,
          "capitalExpenditure": -9081000000,
          "otherNonInterestIncome": 3487000000,
          "commonStock": 90729000000,
          "nonInterestIncome": 62237000000,
          "cashFlowFromContinuingFinancingActivities": -31460000000,
          "minorityInterest": 11612000000,
          "customerAccounts": 687652000000,
          "provisionForLoanLeaseAndOtherLosses": 14379000000,
          "interestPaidSupplementalData": 73458000000,
          "restrictedCashAndCashEquivalents": 12924000000,
          "deferredTax": 10024000000,
          "changeInIncomeTaxPayable": -898000000,
          "changeInOtherWorkingCapital": 46765000000,
          "totalDebt": 321219000000,
          "freeCashFlow": 45225000000,
          "financingCashFlow": -31460000000,
          "federalFundsSoldAndSecuritiesPurchaseUnderAgreementsToResell": 169718000000,
          "nonInterestBearingDeposits": 158944000000,
          "otherNonInterestExpense": 13125000000,
          "buildingsAndImprovements": 6245000000,
          "netLoan": 822590000000,
          "dividendsReceivedCFI": 661000000,
          "dilutedAverageShares": 10814465720,
          "totalMoneyMarketInvestments": 14628000000,
          "netOtherInvestingChanges": 95000000,
          "gainsLossesNotAffectingRetainedEarnings": 62663000000,
          "tradingLiabilities": 12322000000,
          "netInvestmentPurchaseAndSale": 3322000000,
          "taxEffectOfUnusualItems": -524619355.449788,
          "commonStockEquity": 152864000000,
          "operatingGainsLosses": 20298000000,
          "totalUnusualItems": -1600000000,
          "investedCapital": 468759000000,
          "definedPensionBenefit": 493000000,
          "cashDividendsPaid": -6267000000,
          "feesandCommissionExpense": 5292000000,
          "beginningCashPosition": 105823000000,
          "accountsReceivable": 3839000000,
          "netIncomeCommonStockholders": 26760000000,
          "depreciationAmortizationDepletionIncomeStatement": 5548000000,
          "grossLoan": 822590000000,
          "sellingGeneralAndAdministration": 46963000000,
          "saleOfInvestment": 14651000000,
          "otherAssets": 7277000000,
          "stockholdersEquity": 152864000000,
          "securitiesAndInvestments": 600702000000,
          "totalDeposits": 850372000000,
          "gainLossOnInvestmentSecurities": 1521000000,
          "cashAndDueFromBanks": 180334000000,
          "ordinarySharesNumber": 10757879685,
          "derivativeAssets": 69045000000,
          "totalAssets": 2069206000000,
          "earningsLossesFromEquityInvestments": -1164000000,
          "employeeBenefits": 12306000000,
          "interestIncomeFromLoansAndLease": 92789000000,
          "generalAndAdministrativeExpense": 45574000000,
          "interestIncomeAfterProvisionForLoanLoss": 45947000000,
          "shareIssued": 10784548882,
          "changeInOtherCurrentAssets": -19827000000,
          "capitalStock": 90729000000,
          "feesandCommissionIncome": 42324000000,
          "stockBasedCompensation": -20000000,
          "netIncomeIncludingNoncontrollingInterests": 28384000000,
          "issuanceOfDebt": 8229000000,
          "interestIncomeFromLoans": 92789000000,
          "prepaidAssets": 5243000000,
          "depreciationAmortizationDepletion": 4233000000,
          "purchaseOfBusiness": -10000000,
          "interestExpenseForLongTermDebtAndCapitalSecurities": 34794000000,
          "interestExpenseForDeposit": 20492000000,
          "otherSpecialCharges": 1041000000,
          "changeInReceivables": 1910000000,
          "nonCurrentPensionAndOtherPostretirementBenefitPlans": 2209000000,
          "longTermDebtIssuance": 8229000000,
          "mortgageLoan": 84455000000,
          "treasurySharesNumber": 26669197,
          "capitalLeaseObligations": 5324000000,
          "gainOnSaleOfSecurity": 17900000000,
          "depreciationAndAmortizationInIncomeStatement": 5548000000,
          "sellingAndMarketingExpense": 1389000000,
          "restrictedCashAndInvestments": 12924000000,
          "pretaxIncome": 42231000000,
          "nonCurrentDeferredRevenue": 3278000000,
          "otherCurrentBorrowings": 126012000000,
          "interestExpense": 69305000000,
          "commercialLoan": 285004000000,
          "tangibleBookValue": 131754000000,
          "saleOfPPE": 172000000,
          "impairmentOfCapitalAssets": 440000000,
          "creditLossesProvision": -14001000000,
          "grossPPE": 27077000000,
          "changeInLoans": -64398000000,
          "gainLossonSaleofAssets": 17781000000,
          "accumulatedDepreciation": -15068000000,
          "specialIncomeCharges": -1481000000,
          "goodwill": 7822000000,
          "dilutedEPS": 2.472727,
          "incomeTaxPayable": 6423000000,
          "receivables": 66297000000,
          "interestIncomeFromFederalFundsSoldAndSecuritiesPurchaseUnderAgreementsToResell": 9812000000,
          "saleOfIntangibles": 95000000,
          "netInterestIncome": 59948000000,
          "cashFlowFromContinuingOperatingActivities": 54306000000,
          "netIncomeFromContinuingOperations": 28384000000,
          "serviceChargeOnDepositorAccounts": 13571000000,
          "investingCashFlow": -4841000000,
          "otherEquityAdjustments": 62663000000,
          "salariesAndWages": 28245000000,
          "purchaseOfIntangibles": -7667000000,
          "currentDebtAndCapitalLeaseObligation": 126012000000
        },
        {
          "TYPE": "ALL",
          "date": "2022-12-31T00:00:00.000Z",
          "endCashPosition": 104257000000,
          "periodType": "12M",
          "currentDebt": 158159000000,
          "totalPremiumsEarned": 5407000000,
          "totalRevenue": 136376000000,
          "longTermEquityInvestment": 7443000000,
          "financialInstrumentsSoldUnderAgreementsToRepurchase": 293440000000,
          "securitiesActivities": 3348000000,
          "otherLoanAssets": 205155000000,
          "otherShortTermInvestments": 126748000000,
          "commonStockIssuance": 453000000,
          "netOtherFinancingCharges": -3257000000,
          "derivativeProductLiabilities": 76861000000,
          "interestExpenseForFederalFundsSoldAndSecuritiesPurchaseUnderAgreementsToResell": 28399000000,
          "investmentsAndAdvances": 708903000000,
          "nonInterestExpense": 71116000000,
          "changeInWorkingCapital": 39061000000,
          "netIncomeContinuousOperations": 30242000000,
          "issuanceOfCapitalStock": 453000000,
          "totalTaxPayable": 6979000000,
          "cashAndCashEquivalents": 210721000000,
          "moneyMarketInvestments": 221779000000,
          "otherCustomerServices": 2702000000,
          "netLongTermDebtIssuance": -22204000000,
          "totalLiabilitiesNetMinorityInterest": 2143959000000,
          "cashFinancial": 35381000000,
          "changeInPayablesAndAccruedExpense": 41000000,
          "netIncome": 29207000000,
          "payablesAndAccruedExpenses": 11709000000,
          "insuranceAndClaims": 1143000000,
          "depositsbyBank": 4894000000,
          "deferredAssets": 51634000000,
          "longTermDebt": 265874000000,
          "netDebt": 213312000000,
          "writeOff": 16000000,
          "totalEquityGrossMinorityInterest": 177107000000,
          "feesAndCommissions": 38383000000,
          "taxRateForCalcs": 0.175833,
          "interestIncome": 189165000000,
          "currentProvisions": 2055000000,
          "cashFlowFromContinuingInvestingActivities": -73270000000,
          "purchaseOfPPE": -2727000000,
          "longTermDebtPayments": -23208000000,
          "netIntangiblesPurchaseAndSale": -5768000000,
          "otherReceivables": 74762000000,
          "securityAgreeToBeResell": 221779000000,
          "netIncomeFromContinuingOperationNetMinorityInterest": 29207000000,
          "effectOfExchangeRateChanges": -24279000000,
          "otherNonCashItems": 5087000000,
          "tradingSecurities": 17969000000,
          "netCommonStockIssuance": 453000000,
          "basicAverageShares": 10778893654,
          "otherPayable": 4730000000,
          "landAndImprovements": 1199000000,
          "availableForSaleSecurities": 556743000000,
          "taxProvision": 6452000000,
          "changeInOtherCurrentLiabilities": 5259000000,
          "depreciationAndAmortization": 4796000000,
          "changeInTaxPayable": 41000000,
          "longTermDebtAndCapitalLeaseObligation": 269803000000,
          "changeInPayable": 41000000,
          "interestIncomeFromDeposits": 13373000000,
          "foreignExchangeTradingGains": 1280000000,
          "totalCapitalization": 433591000000,
          "otherInterestExpense": 355000000,
          "payables": 11709000000,
          "totalUnusualItemsExcludingGoodwill": -1221000000,
          "creditCard": 19989000000,
          "netPPE": 11630000000,
          "operatingCashFlow": 129633000000,
          "operatingRevenue": 136376000000,
          "incomefromAssociatesandOtherParticipatingInterests": 672000000,
          "otherIntangibleAssets": 15564000000,
          "deferredTaxAssets": 51634000000,
          "reconciledDepreciation": 4796000000,
          "normalizedIncome": 30213308442.797188,
          "basicEPS": 2.754545,
          "longTermProvisions": 23159000000,
          "consumerLoan": 295039000000,
          "nonCurrentDeferredTaxesLiabilities": 345000000,
          "goodwillAndOtherIntangibleAssets": 23114000000,
          "dilutedNIAvailtoComStockholders": 29207000000,
          "netTangibleAssets": 144603000000,
          "federalFundsPurchasedAndSecuritiesSoldUnderAgreementToRepurchase": 293440000000,
          "taxesRefundPaid": -5874000000,
          "purchaseOfInvestment": -65633000000,
          "gainonSaleofInvestmentProperty": -133000000,
          "netPPEPurchaseAndSale": -2222000000,
          "otherProperties": 16558000000,
          "interestBearingDepositsLiabilities": 748873000000,
          "trustFeesbyCommissions": 5872000000,
          "otherLiabilities": 400828000000,
          "deferredIncomeTax": 3209000000,
          "changesInCash": 24649000000,
          "netIssuancePaymentsOfDebt": -22204000000,
          "interestIncomeFromSecurities": 33481000000,
          "otherGandA": 15822000000,
          "treasuryStock": 71000000,
          "repaymentOfDebt": -23208000000,
          "cashCashEquivalentsAndFederalFundsSold": 446149000000,
          "minorityInterests": -1035000000,
          "nonCurrentDeferredLiabilities": 3082000000,
          "longTermCapitalLeaseObligation": 3929000000,
          "netIncomeFromContinuingAndDiscontinuedOperation": 29207000000,
          "netForeignCurrencyExchangeGainLoss": 24279000000,
          "capitalExpenditure": -8495000000,
          "otherNonInterestIncome": 5283000000,
          "commonStock": 90729000000,
          "nonInterestIncome": 63958000000,
          "cashFlowFromContinuingFinancingActivities": -31714000000,
          "minorityInterest": 9390000000,
          "customerAccounts": 743979000000,
          "provisionForLoanLeaseAndOtherLosses": 27737000000,
          "interestPaidSupplementalData": 107468000000,
          "restrictedCashAndCashEquivalents": 13649000000,
          "deferredTax": 3209000000,
          "changeInIncomeTaxPayable": 41000000,
          "machineryFurnitureEquipment": 3559000000,
          "changeInOtherWorkingCapital": 29325000000,
          "totalDebt": 427962000000,
          "freeCashFlow": 121138000000,
          "financingCashFlow": -31714000000,
          "federalFundsSoldAndSecuritiesPurchaseUnderAgreementsToResell": 221779000000,
          "nonInterestBearingDeposits": 122565000000,
          "otherNonInterestExpense": 15081000000,
          "buildingsAndImprovements": 5933000000,
          "netLoan": 909422000000,
          "dividendsReceivedCFI": 336000000,
          "dilutedAverageShares": 10844635624,
          "totalMoneyMarketInvestments": 38840000000,
          "netOtherInvestingChanges": 17000000,
          "gainsLossesNotAffectingRetainedEarnings": 77059000000,
          "tradingLiabilities": 18327000000,
          "netInvestmentPurchaseAndSale": -65633000000,
          "taxEffectOfUnusualItems": -214691557.202812,
          "commonStockEquity": 167717000000,
          "operatingGainsLosses": 25141000000,
          "totalUnusualItems": -1221000000,
          "investedCapital": 591750000000,
          "definedPensionBenefit": 411000000,
          "cashDividendsPaid": -6706000000,
          "feesandCommissionExpense": 6183000000,
          "beginningCashPosition": 103887000000,
          "accountsReceivable": 3610000000,
          "netIncomeCommonStockholders": 29207000000,
          "depreciationAmortizationDepletionIncomeStatement": 5750000000,
          "grossLoan": 909422000000,
          "sellingGeneralAndAdministration": 50285000000,
          "otherAssets": 6885000000,
          "stockholdersEquity": 167717000000,
          "securitiesAndInvestments": 701460000000,
          "totalDeposits": 871438000000,
          "gainLossOnInvestmentSecurities": 1534000000,
          "cashAndDueFromBanks": 175340000000,
          "ordinarySharesNumber": 10780953326,
          "derivativeAssets": 78208000000,
          "totalAssets": 2321066000000,
          "earningsLossesFromEquityInvestments": -672000000,
          "employeeBenefits": 15098000000,
          "interestIncomeFromLoansAndLease": 116844000000,
          "generalAndAdministrativeExpense": 48282000000,
          "interestIncomeAfterProvisionForLoanLoss": 44268000000,
          "shareIssued": 10784548882,
          "changeInOtherCurrentAssets": -14862000000,
          "capitalStock": 90729000000,
          "feesandCommissionIncome": 44566000000,
          "stockBasedCompensation": 234000000,
          "netIncomeIncludingNoncontrollingInterests": 30242000000,
          "issuanceOfDebt": 1004000000,
          "interestIncomeFromLoans": 116844000000,
          "prepaidAssets": 6338000000,
          "depreciationAmortizationDepletion": 4796000000,
          "interestExpenseForLongTermDebtAndCapitalSecurities": 35635000000,
          "interestExpenseForDeposit": 52358000000,
          "otherSpecialCharges": 1072000000,
          "changeInReceivables": -409000000,
          "nonCurrentPensionAndOtherPostretirementBenefitPlans": 2320000000,
          "longTermDebtIssuance": 1004000000,
          "mortgageLoan": 105064000000,
          "treasurySharesNumber": 3595556,
          "capitalLeaseObligations": 3929000000,
          "gainOnSaleOfSecurity": 13738000000,
          "depreciationAndAmortizationInIncomeStatement": 5750000000,
          "sellingAndMarketingExpense": 2003000000,
          "restrictedCashAndInvestments": 13649000000,
          "pretaxIncome": 36694000000,
          "nonCurrentDeferredRevenue": 2737000000,
          "otherCurrentBorrowings": 158159000000,
          "interestExpense": 116747000000,
          "commercialLoan": 304164000000,
          "tangibleBookValue": 144603000000,
          "saleOfPPE": 505000000,
          "creditLossesProvision": -28150000000,
          "grossPPE": 27249000000,
          "changeInLoans": 19707000000,
          "gainLossonSaleofAssets": 13605000000,
          "accumulatedDepreciation": -15619000000,
          "specialIncomeCharges": -1088000000,
          "goodwill": 7550000000,
          "dilutedEPS": 2.736364,
          "incomeTaxPayable": 6979000000,
          "receivables": 78372000000,
          "interestIncomeFromFederalFundsSoldAndSecuritiesPurchaseUnderAgreementsToResell": 25467000000,
          "netInterestIncome": 72418000000,
          "cashFlowFromContinuingOperatingActivities": 129633000000,
          "netIncomeFromContinuingOperations": 30242000000,
          "serviceChargeOnDepositorAccounts": 12655000000,
          "investingCashFlow": -73270000000,
          "otherEquityAdjustments": 77059000000,
          "salariesAndWages": 31317000000,
          "purchaseOfIntangibles": -5768000000,
          "currentDebtAndCapitalLeaseObligation": 158159000000
        },
        {
          "TYPE": "ALL",
          "date": "2023-12-31T00:00:00.000Z",
          "endCashPosition": 116543000000,
          "periodType": "12M",
          "currentDebt": 187024000000,
          "totalPremiumsEarned": 6613000000,
          "totalRevenue": 148380000000,
          "longTermEquityInvestment": 9293000000,
          "financialInstrumentsSoldUnderAgreementsToRepurchase": 362786000000,
          "securitiesActivities": 3596000000,
          "otherLoanAssets": 188403000000,
          "otherShortTermInvestments": 130039000000,
          "commonStockIssuance": 689000000,
          "netOtherFinancingCharges": -1289000000,
          "derivativeProductLiabilities": 52475000000,
          "repurchaseOfCapitalStock": -689000000,
          "interestExpenseForFederalFundsSoldAndSecuritiesPurchaseUnderAgreementsToResell": 41624000000,
          "investmentsAndAdvances": 894310000000,
          "nonInterestExpense": 76020000000,
          "changeInWorkingCapital": -6065000000,
          "netIncomeContinuousOperations": 33877000000,
          "commonStockPayments": -689000000,
          "issuanceOfCapitalStock": 689000000,
          "totalTaxPayable": 9250000000,
          "cashAndCashEquivalents": 228412000000,
          "moneyMarketInvestments": 238321000000,
          "otherCustomerServices": 3112000000,
          "netLongTermDebtIssuance": -10811000000,
          "totalLiabilitiesNetMinorityInterest": 2344050000000,
          "cashFinancial": 32001000000,
          "changeInPayablesAndAccruedExpense": 3234000000,
          "netIncome": 33105000000,
          "payablesAndAccruedExpenses": 12685000000,
          "insuranceAndClaims": 1007000000,
          "depositsbyBank": 6448000000,
          "deferredAssets": 53691000000,
          "longTermDebt": 261508000000,
          "netDebt": 220120000000,
          "writeOff": 338000000,
          "totalEquityGrossMinorityInterest": 199050000000,
          "feesAndCommissions": 39617000000,
          "taxRateForCalcs": 0.146675,
          "interestIncome": 222385000000,
          "currentProvisions": 1865000000,
          "cashFlowFromContinuingInvestingActivities": -31230000000,
          "purchaseOfPPE": -3815000000,
          "longTermDebtPayments": -12981000000,
          "netIntangiblesPurchaseAndSale": -5376000000,
          "otherReceivables": 92730000000,
          "securityAgreeToBeResell": 238321000000,
          "netIncomeFromContinuingOperationNetMinorityInterest": 33105000000,
          "effectOfExchangeRateChanges": -11529000000,
          "otherNonCashItems": 6858000000,
          "tradingSecurities": 18655000000,
          "basicAverageShares": 10779091643,
          "otherPayable": 3435000000,
          "landAndImprovements": 2039000000,
          "availableForSaleSecurities": 736323000000,
          "taxProvision": 5823000000,
          "changeInOtherCurrentLiabilities": -6523000000,
          "depreciationAndAmortization": 5652000000,
          "changeInTaxPayable": 3234000000,
          "longTermDebtAndCapitalLeaseObligation": 264810000000,
          "changeInPayable": 3234000000,
          "interestIncomeFromDeposits": 16691000000,
          "foreignExchangeTradingGains": 4432000000,
          "totalCapitalization": 451685000000,
          "otherInterestExpense": 336000000,
          "payables": 12685000000,
          "totalUnusualItemsExcludingGoodwill": -3612000000,
          "creditCard": 21177000000,
          "netPPE": 12486000000,
          "operatingCashFlow": 77493000000,
          "operatingRevenue": 148380000000,
          "incomefromAssociatesandOtherParticipatingInterests": 920000000,
          "otherIntangibleAssets": 15529000000,
          "deferredTaxAssets": 53691000000,
          "reconciledDepreciation": 5652000000,
          "normalizedIncome": 36187209672.54408,
          "basicEPS": 3.072727,
          "longTermProvisions": 23942000000,
          "consumerLoan": 304105000000,
          "nonCurrentDeferredTaxesLiabilities": 560000000,
          "goodwillAndOtherIntangibleAssets": 23364000000,
          "dilutedNIAvailtoComStockholders": 33105000000,
          "netTangibleAssets": 166813000000,
          "federalFundsPurchasedAndSecuritiesSoldUnderAgreementToRepurchase": 362786000000,
          "taxesRefundPaid": -8080000000,
          "purchaseOfInvestment": -41412000000,
          "gainonSaleofInvestmentProperty": -1595000000,
          "netPPEPurchaseAndSale": -3622000000,
          "otherProperties": 15357000000,
          "interestBearingDepositsLiabilities": 837804000000,
          "trustFeesbyCommissions": 5792000000,
          "otherLiabilities": 453332000000,
          "deferredIncomeTax": 2130000000,
          "changesInCash": 23815000000,
          "netIssuancePaymentsOfDebt": -10811000000,
          "interestIncomeFromSecurities": 41334000000,
          "otherGandA": 16527000000,
          "treasuryStock": 11000000,
          "repaymentOfDebt": -12981000000,
          "cashCashEquivalentsAndFederalFundsSold": 480077000000,
          "minorityInterests": -772000000,
          "nonCurrentDeferredLiabilities": 1876000000,
          "longTermCapitalLeaseObligation": 3302000000,
          "netIncomeFromContinuingAndDiscontinuedOperation": 33105000000,
          "netForeignCurrencyExchangeGainLoss": 11529000000,
          "capitalExpenditure": -9191000000,
          "otherNonInterestIncome": 4915000000,
          "commonStock": 90729000000,
          "nonInterestIncome": 84245000000,
          "cashFlowFromContinuingFinancingActivities": -22448000000,
          "minorityInterest": 8873000000,
          "customerAccounts": 831356000000,
          "provisionForLoanLeaseAndOtherLosses": 30445000000,
          "interestPaidSupplementalData": 115518000000,
          "restrictedCashAndCashEquivalents": 13344000000,
          "deferredTax": 2130000000,
          "changeInIncomeTaxPayable": 3234000000,
          "machineryFurnitureEquipment": 3347000000,
          "changeInOtherWorkingCapital": -34117000000,
          "totalDebt": 451834000000,
          "freeCashFlow": 68302000000,
          "financingCashFlow": -22448000000,
          "federalFundsSoldAndSecuritiesPurchaseUnderAgreementsToResell": 238321000000,
          "nonInterestBearingDeposits": 113548000000,
          "otherNonInterestExpense": 17561000000,
          "buildingsAndImprovements": 7036000000,
          "netLoan": 910590000000,
          "dividendsReceivedCFI": 583000000,
          "dilutedAverageShares": 10853231092,
          "totalMoneyMarketInvestments": 50589000000,
          "netOtherInvestingChanges": 134000000,
          "gainsLossesNotAffectingRetainedEarnings": 99459000000,
          "tradingLiabilities": 16070000000,
          "netInvestmentPurchaseAndSale": -22949000000,
          "taxEffectOfUnusualItems": -529790327.455919,
          "commonStockEquity": 190177000000,
          "operatingGainsLosses": 12476000000,
          "totalUnusualItems": -3612000000,
          "investedCapital": 638709000000,
          "definedPensionBenefit": 343000000,
          "cashDividendsPaid": -10348000000,
          "feesandCommissionExpense": 6114000000,
          "beginningCashPosition": 104257000000,
          "accountsReceivable": 3784000000,
          "netIncomeCommonStockholders": 33105000000,
          "depreciationAmortizationDepletionIncomeStatement": 6529000000,
          "grossLoan": 910590000000,
          "sellingGeneralAndAdministration": 51930000000,
          "saleOfInvestment": 18463000000,
          "otherAssets": 8760000000,
          "stockholdersEquity": 190177000000,
          "securitiesAndInvestments": 885017000000,
          "totalDeposits": 951352000000,
          "gainLossOnInvestmentSecurities": 1867000000,
          "cashAndDueFromBanks": 196411000000,
          "ordinarySharesNumber": 10784068544,
          "derivativeAssets": 55251000000,
          "totalAssets": 2543100000000,
          "earningsLossesFromEquityInvestments": -920000000,
          "employeeBenefits": 15833000000,
          "interestIncomeFromLoansAndLease": 130462000000,
          "generalAndAdministrativeExpense": 49934000000,
          "interestIncomeAfterProvisionForLoanLoss": 32572000000,
          "shareIssued": 10784548882,
          "changeInOtherCurrentAssets": -36262000000,
          "capitalStock": 90729000000,
          "feesandCommissionIncome": 45731000000,
          "stockBasedCompensation": 200000000,
          "netIncomeIncludingNoncontrollingInterests": 33877000000,
          "issuanceOfDebt": 2170000000,
          "interestIncomeFromLoans": 130462000000,
          "prepaidAssets": 7714000000,
          "depreciationAmortizationDepletion": 5652000000,
          "interestExpenseForLongTermDebtAndCapitalSecurities": 44782000000,
          "interestExpenseForDeposit": 71508000000,
          "otherSpecialCharges": 1679000000,
          "changeInReceivables": -2819000000,
          "nonCurrentPensionAndOtherPostretirementBenefitPlans": 2772000000,
          "longTermDebtIssuance": 2170000000,
          "mortgageLoan": 112511000000,
          "treasurySharesNumber": 480338,
          "capitalLeaseObligations": 3302000000,
          "gainOnSaleOfSecurity": 30263000000,
          "depreciationAndAmortizationInIncomeStatement": 6529000000,
          "sellingAndMarketingExpense": 1996000000,
          "restrictedCashAndInvestments": 13344000000,
          "pretaxIncome": 39700000000,
          "nonCurrentDeferredRevenue": 1316000000,
          "otherCurrentBorrowings": 187024000000,
          "interestExpense": 158250000000,
          "commercialLoan": 305571000000,
          "tangibleBookValue": 166813000000,
          "saleOfPPE": 193000000,
          "creditLossesProvision": -31563000000,
          "grossPPE": 27779000000,
          "changeInLoans": 70422000000,
          "gainLossonSaleofAssets": 28668000000,
          "accumulatedDepreciation": -15293000000,
          "specialIncomeCharges": -2017000000,
          "goodwill": 7835000000,
          "dilutedEPS": 3.054545,
          "incomeTaxPayable": 9250000000,
          "receivables": 96514000000,
          "interestIncomeFromFederalFundsSoldAndSecuritiesPurchaseUnderAgreementsToResell": 33898000000,
          "netInterestIncome": 64135000000,
          "cashFlowFromContinuingOperatingActivities": 77493000000,
          "netIncomeFromContinuingOperations": 33877000000,
          "serviceChargeOnDepositorAccounts": 12054000000,
          "investingCashFlow": -31230000000,
          "otherEquityAdjustments": 99459000000,
          "salariesAndWages": 32400000000,
          "purchaseOfIntangibles": -5376000000,
          "currentDebtAndCapitalLeaseObligation": 187024000000
        },
        {
          "TYPE": "ALL",
          "date": "2024-12-31T00:00:00.000Z",
          "endCashPosition": 117286000000,
          "periodType": "12M",
          "currentDebt": 235171000000,
          "totalPremiumsEarned": 6982000000,
          "totalRevenue": 158568000000,
          "longTermEquityInvestment": 10074000000,
          "financialInstrumentsSoldUnderAgreementsToRepurchase": 388787000000,
          "securitiesActivities": 4920000000,
          "otherLoanAssets": 224887000000,
          "otherShortTermInvestments": 106303000000,
          "commonStockIssuance": 772000000,
          "netOtherFinancingCharges": 278000000,
          "derivativeProductLiabilities": 85413000000,
          "repurchaseOfCapitalStock": -1775000000,
          "interestExpenseForFederalFundsSoldAndSecuritiesPurchaseUnderAgreementsToResell": 36262000000,
          "investmentsAndAdvances": 994440000000,
          "nonInterestExpense": 80599000000,
          "changeInWorkingCapital": -21644000000,
          "netIncomeContinuousOperations": 42128000000,
          "commonStockPayments": -1775000000,
          "issuanceOfCapitalStock": 772000000,
          "totalTaxPayable": 11140000000,
          "cashAndCashEquivalents": 263756000000,
          "moneyMarketInvestments": 243220000000,
          "otherCustomerServices": 3608000000,
          "netLongTermDebtIssuance": 341000000,
          "totalLiabilitiesNetMinorityInterest": 2633191000000,
          "cashFinancial": 36127000000,
          "changeInPayablesAndAccruedExpense": 980000000,
          "netIncome": 41085000000,
          "payablesAndAccruedExpenses": 16216000000,
          "insuranceAndClaims": 801000000,
          "depositsbyBank": 7224000000,
          "deferredAssets": 58859000000,
          "longTermDebt": 277988000000,
          "netDebt": 249403000000,
          "writeOff": 383000000,
          "totalEquityGrossMinorityInterest": 221284000000,
          "feesAndCommissions": 40785000000,
          "taxRateForCalcs": 0.114139,
          "interestIncome": 242258000000,
          "currentProvisions": 2260000000,
          "cashFlowFromContinuingInvestingActivities": 6968000000,
          "purchaseOfPPE": -1833000000,
          "longTermDebtPayments": -7519000000,
          "netIntangiblesPurchaseAndSale": -5535000000,
          "otherReceivables": 96166000000,
          "securityAgreeToBeResell": 243220000000,
          "netIncomeFromContinuingOperationNetMinorityInterest": 41085000000,
          "effectOfExchangeRateChanges": 8404000000,
          "otherNonCashItems": -39658000000,
          "tradingSecurities": 24152000000,
          "netCommonStockIssuance": -1003000000,
          "basicAverageShares": 10768333796,
          "otherPayable": 5076000000,
          "landAndImprovements": 1997000000,
          "availableForSaleSecurities": 853911000000,
          "taxProvision": 5428000000,
          "changeInOtherCurrentLiabilities": 13892000000,
          "depreciationAndAmortization": 6440000000,
          "changeInTaxPayable": 980000000,
          "longTermDebtAndCapitalLeaseObligation": 281669000000,
          "changeInPayable": 980000000,
          "interestIncomeFromDeposits": 16941000000,
          "foreignExchangeTradingGains": -3143000000,
          "totalCapitalization": 489078000000,
          "otherInterestExpense": 346000000,
          "payables": 16216000000,
          "totalUnusualItemsExcludingGoodwill": -2345000000,
          "creditCard": 20076000000,
          "netPPE": 13263000000,
          "operatingCashFlow": 7069000000,
          "operatingRevenue": 158568000000,
          "incomefromAssociatesandOtherParticipatingInterests": 1047000000,
          "otherIntangibleAssets": 15648000000,
          "deferredTaxAssets": 58859000000,
          "reconciledDepreciation": 6440000000,
          "normalizedIncome": 43162343763.1424,
          "basicEPS": 3.818182,
          "longTermProvisions": 24137000000,
          "consumerLoan": 320313000000,
          "nonCurrentDeferredTaxesLiabilities": 603000000,
          "goodwillAndOtherIntangibleAssets": 23997000000,
          "dilutedNIAvailtoComStockholders": 41085000000,
          "netTangibleAssets": 187093000000,
          "federalFundsPurchasedAndSecuritiesSoldUnderAgreementToRepurchase": 388787000000,
          "taxesRefundPaid": -9473000000,
          "purchaseOfInvestment": -47210000000,
          "gainonSaleofInvestmentProperty": -353000000,
          "netPPEPurchaseAndSale": -1258000000,
          "otherProperties": 16291000000,
          "interestBearingDepositsLiabilities": 923330000000,
          "trustFeesbyCommissions": 6539000000,
          "otherLiabilities": 506177000000,
          "deferredIncomeTax": 2689000000,
          "changesInCash": -7661000000,
          "netIssuancePaymentsOfDebt": 341000000,
          "interestIncomeFromSecurities": 50365000000,
          "otherGandA": 17313000000,
          "treasuryStock": 909000000,
          "repaymentOfDebt": -7519000000,
          "cashCashEquivalentsAndFederalFundsSold": 520678000000,
          "minorityInterests": -1043000000,
          "nonCurrentDeferredLiabilities": 1861000000,
          "longTermCapitalLeaseObligation": 3681000000,
          "netIncomeFromContinuingAndDiscontinuedOperation": 41085000000,
          "netForeignCurrencyExchangeGainLoss": -8404000000,
          "capitalExpenditure": -7368000000,
          "otherNonInterestIncome": 10149000000,
          "commonStock": 90729000000,
          "nonInterestIncome": 83588000000,
          "cashFlowFromContinuingFinancingActivities": -21698000000,
          "minorityInterest": 10194000000,
          "customerAccounts": 916106000000,
          "provisionForLoanLeaseAndOtherLosses": 32311000000,
          "interestPaidSupplementalData": 131096000000,
          "restrictedCashAndCashEquivalents": 13702000000,
          "deferredTax": 2689000000,
          "changeInIncomeTaxPayable": 980000000,
          "machineryFurnitureEquipment": 3524000000,
          "changeInOtherWorkingCapital": 48821000000,
          "totalDebt": 516840000000,
          "freeCashFlow": -299000000,
          "financingCashFlow": -21698000000,
          "federalFundsSoldAndSecuritiesPurchaseUnderAgreementsToResell": 243220000000,
          "nonInterestBearingDeposits": 131411000000,
          "otherNonInterestExpense": 17714000000,
          "buildingsAndImprovements": 7741000000,
          "netLoan": 1025493000000,
          "dividendsReceivedCFI": 450000000,
          "dilutedAverageShares": 10847286378,
          "totalMoneyMarketInvestments": 53112000000,
          "netOtherInvestingChanges": 270000000,
          "gainsLossesNotAffectingRetainedEarnings": 121270000000,
          "tradingLiabilities": 19180000000,
          "netInvestmentPurchaseAndSale": 13041000000,
          "taxEffectOfUnusualItems": -267656236.857599,
          "commonStockEquity": 211090000000,
          "operatingGainsLosses": -5941000000,
          "totalUnusualItems": -2345000000,
          "investedCapital": 724249000000,
          "definedPensionBenefit": 301000000,
          "cashDividendsPaid": -21314000000,
          "feesandCommissionExpense": 6286000000,
          "beginningCashPosition": 116543000000,
          "accountsReceivable": 4080000000,
          "netIncomeCommonStockholders": 41085000000,
          "depreciationAmortizationDepletionIncomeStatement": 7177000000,
          "grossLoan": 1025493000000,
          "sellingGeneralAndAdministration": 55708000000,
          "saleOfInvestment": 60251000000,
          "otherAssets": 16256000000,
          "stockholdersEquity": 211090000000,
          "securitiesAndInvestments": 984366000000,
          "totalDeposits": 1054741000000,
          "gainLossOnInvestmentSecurities": 3510000000,
          "cashAndDueFromBanks": 227629000000,
          "ordinarySharesNumber": 10753714966,
          "derivativeAssets": 92439000000,
          "totalAssets": 2854475000000,
          "earningsLossesFromEquityInvestments": -1047000000,
          "employeeBenefits": 17579000000,
          "interestIncomeFromLoansAndLease": 138781000000,
          "generalAndAdministrativeExpense": 53732000000,
          "interestIncomeAfterProvisionForLoanLoss": 45512000000,
          "shareIssued": 10784548882,
          "changeInOtherCurrentAssets": -18422000000,
          "capitalStock": 90729000000,
          "feesandCommissionIncome": 47071000000,
          "stockBasedCompensation": 217000000,
          "netIncomeIncludingNoncontrollingInterests": 42128000000,
          "issuanceOfDebt": 7860000000,
          "interestIncomeFromLoans": 138781000000,
          "prepaidAssets": 8503000000,
          "depreciationAmortizationDepletion": 6440000000,
          "interestExpenseForLongTermDebtAndCapitalSecurities": 62181000000,
          "interestExpenseForDeposit": 68489000000,
          "otherSpecialCharges": 1609000000,
          "changeInReceivables": -2964000000,
          "nonCurrentPensionAndOtherPostretirementBenefitPlans": 2361000000,
          "longTermDebtIssuance": 7860000000,
          "mortgageLoan": 125261000000,
          "treasurySharesNumber": 30833916,
          "capitalLeaseObligations": 3681000000,
          "gainOnSaleOfSecurity": 29168000000,
          "depreciationAndAmortizationInIncomeStatement": 7177000000,
          "sellingAndMarketingExpense": 1976000000,
          "restrictedCashAndInvestments": 13702000000,
          "pretaxIncome": 47556000000,
          "nonCurrentDeferredRevenue": 1258000000,
          "otherCurrentBorrowings": 235171000000,
          "interestExpense": 167278000000,
          "commercialLoan": 355032000000,
          "tangibleBookValue": 187093000000,
          "saleOfPPE": 575000000,
          "creditLossesProvision": -29468000000,
          "grossPPE": 29553000000,
          "changeInLoans": -63951000000,
          "gainLossonSaleofAssets": 28815000000,
          "accumulatedDepreciation": -16290000000,
          "specialIncomeCharges": -1992000000,
          "goodwill": 8349000000,
          "dilutedEPS": 3.781818,
          "incomeTaxPayable": 11140000000,
          "receivables": 100246000000,
          "interestIncomeFromFederalFundsSoldAndSecuritiesPurchaseUnderAgreementsToResell": 36171000000,
          "netInterestIncome": 74980000000,
          "cashFlowFromContinuingOperatingActivities": 7069000000,
          "netIncomeFromContinuingOperations": 42128000000,
          "serviceChargeOnDepositorAccounts": 11928000000,
          "investingCashFlow": 6968000000,
          "otherEquityAdjustments": 121270000000,
          "salariesAndWages": 35618000000,
          "purchaseOfIntangibles": -5535000000,
          "currentDebtAndCapitalLeaseObligation": 235171000000
        }
      ],
      "fromError": true
    },
    "timestamp": "2025-10-24T20:49:46.729Z"
  }
]